@misc{abntex2-wiki-como-customizar,
  author        = {Lauro C{\'e}sar Araujo},
  bdsk-url-1    = {https://github.com/abntex/abntex2/wiki/ComoCustomizar},
  date-added    = {2013-03-23 21:39:21 +0000},
  date-modified = {2015-04-27 22:43:06 +0000},
  howpublished  = {Wiki do abnTeX2},
  keywords      = {wiki},
  title         = {Como customizar o abnTeX2},
  url           = {https://github.com/abntex/abntex2/wiki/ComoCustomizar},
  urlaccessdate = {27 abr 2015},
  year          = {2015},
}

@manual{abntex2cite,
  annote        = {Este documento {\'e} derivado do~\cite{abnt-bibtex-doc}},
  author        = {Lauro C{\'e}sar Araujo},
  bdsk-url-1    = {http://www.abntex.net.br/},
  date-added    = {2013-01-09 10:37:45 +0000},
  date-modified = {2015-04-27 22:43:38 +0000},
  organization  = {Equipe abnTeX2},
  title         = {O pacote abntex2cite: Estilos bibliogr{\'a}ficos compat{\'\i}veis com a ABNT NBR 6023},
  url           = {http://www.abntex.net.br/},
  year          = {2015},
}

@manual{abntex2cite-alf,
  annote        = {Este documento {\'e} derivado do~\cite{abnt-bibtex-alf-doc}},
  author        = {Lauro C{\'e}sar Araujo},
  bdsk-url-1    = {http://www.abntex.net.br/},
  date-added    = {2013-01-09 10:37:45 +0000},
  date-modified = {2015-04-27 22:43:44 +0000},
  organization  = {Equipe abnTeX2},
  title         = {O pacote abntex2cite: t{\'o}picos espec{\'\i}ficos da ABNT NBR 10520:2002 e o estilo bibliogr{\'a}fico alfab{\'e}tico (sistema autor-data)},
  url           = {http://www.abntex.net.br/},
  year          = {2015},
}

@manual{abntex2classe,
  author        = {Lauro C{\'e}sar Araujo},
  bdsk-url-1    = {http://www.abntex.net.br/},
  date-added    = {2013-01-09 10:37:38 +0000},
  date-modified = {2015-04-27 22:42:47 +0000},
  organization  = {Equipe abnTeX2},
  title         = {A classe abntex2: Modelo can{\^o}nico de trabalhos acad{\^e}micos brasileiros compat{\'\i}vel com as normas ABNT NBR 14724:2011, ABNT NBR 6024:2012 e outras},
  url           = {http://www.abntex.net.br/},
  year          = {2015},
}

@manual{abntex2modelo,
  annote        = {Este documento {\'e} derivado do~\cite{abnt-bibtex-doc}},
  author        = {Lauro C{\'e}sar Araujo},
  bdsk-url-1    = {http://www.abntex.net.br/},
  date-added    = {2013-01-12 22:55:32 +0000},
  date-modified = {2015-04-27 22:43:32 +0000},
  organization  = {Equipe abnTeX2},
  title         = {Modelo Can{\^o}nico de Trabalho Acad{\^e}mico com abnTeX2},
  url           = {http://www.abntex.net.br/},
  year          = {2015},
}

@manual{abntex2modelo-artigo,
  annote        = {Este documento {\'e} derivado do~\cite{abnt-bibtex-doc}},
  author        = {Lauro C{\'e}sar Araujo},
  bdsk-url-1    = {http://www.abntex.net.br/},
  date-added    = {2013-01-15 00:10:35 +0000},
  date-modified = {2015-04-27 22:43:13 +0000},
  organization  = {Equipe abnTeX2},
  title         = {Modelo Can{\^o}nico de Artigo Cient{\'\i}fico com abnTeX2},
  url           = {http://www.abntex.net.br/},
  year          = {2015},
}

@manual{abntex2modelo-relatorio,
  annote        = {Este documento {\'e} derivado do~\cite{abnt-bibtex-doc}},
  author        = {Lauro C{\'e}sar Araujo},
  bdsk-url-1    = {http://www.abntex.net.br/},
  date-added    = {2013-01-15 00:05:34 +0000},
  date-modified = {2015-04-27 22:43:18 +0000},
  organization  = {Equipe abnTeX2},
  title         = {Modelo Can{\^o}nico de Relat{\'o}rio T{\'e}cnico e/ou Cient{\'\i}fico com abnTeX2},
  url           = {http://www.abntex.net.br/},
  year          = {2015},
}

@article{Adamo_1999,
  author    = {Adamo, Carlo and Barone, Vincenzo},
  doi       = {10.1063/1.478522},
  issn      = {1089-7690},
  journal   = {The Journal of Chemical Physics},
  month     = {Apr},
  number    = {13},
  pages     = {6158-6170},
  publisher = {AIP Publishing},
  title     = {Toward reliable density functional methods without adjustable parameters: The PBE0 model},
  url       = {http://dx.doi.org/10.1063/1.478522},
  volume    = {110},
  year      = {1999},
}

@article{Alcaide_2019,
  author    = {Alcaide, Benito and Almendros, Pedro and Fernández, Israel and del Campo, Teresa Martínez and Palop, Guillermo and Toledano-Pinedo, Mireia and Delgado-Martínez, Patricia},
  doi       = {10.1002/adsc.201801424},
  issn      = {1615-4150},
  journal   = {Advanced Synthesis \& Catalysis},
  month     = {Jan},
  number    = {5},
  pages     = {1160-1165},
  publisher = {Wiley},
  title     = {Chemoselectivity Switching in the Rhodium-Catalyzed Reactions of 4-Substituted-1-sulfonyl-1,2,3-triazoles with Allenols: Noticeable Differences between 4-Acyl- and 4-Aryl-Triazoles},
  url       = {http://dx.doi.org/10.1002/adsc.201801424},
  volume    = {361},
  year      = {2019},
}

@article{Aldersley_1974,
  author    = {Aldersley, Michael F. and Kirby, Anthony J. and Lancaster, Peter W. and McDonald, Robert S. and Smith, Clinton R.},
  doi       = {10.1039/p29740001487},
  issn      = {1364-5471},
  journal   = {Journal of the Chemical Society, Perkin Transactions 2},
  number    = {12},
  pages     = {1487},
  publisher = {Royal Society of Chemistry (RSC)},
  title     = {Intramolecular catalysis of amide hydrolysis by the carboxy-group. Rate determining proton transfer from external general acids in the hydrolysis of substituted maleamic acids},
  url       = {http://dx.doi.org/10.1039/P29740001487},
  year      = {1974},
}

@article{Allinger_1960,
  author    = {Allinger, Norman L. and Zalkow, Vera},
  doi       = {10.1021/jo01075a006},
  issn      = {1520-6904},
  journal   = {The Journal of Organic Chemistry},
  month     = {May},
  number    = {5},
  pages     = {701-704},
  publisher = {American Chemical Society (ACS)},
  title     = {Conformational Analysis. IX. The Gem-Dimethyl Effect1,2},
  url       = {http://dx.doi.org/10.1021/jo01075a006},
  volume    = {25},
  year      = {1960},
}

@article{Almerindo2020,
  author    = {Almerindo, Gizelle I. and Buratto, Suelen C. and Wanderlind, Eduardo H. and Nicolazi, Lucas M. and Sangaletti, Patrícia and Medeiros, Michelle and Schneider, Felipe S. S. and Caramori, Giovanni F. and Parreira, Renato L. T. and Micke, Gustavo A. and Fiedler, Haidi D. and Nome, Faruk},
  doi       = {10.1039/c9ta14028j},
  issn      = {2050-7496},
  journal   = {Journal of Materials Chemistry A},
  number    = {36},
  pages     = {19011-19021},
  publisher = {Royal Society of Chemistry (RSC)},
  title     = {Kinetics and adsorption calculations: insights into the MgO-catalyzed detoxification of simulants of organophosphorus biocides},
  url       = {http://dx.doi.org/10.1039/C9TA14028J},
  volume    = {8},
  year      = {2020},
}

@article{Arago_2011,
  author    = {Aragó, Juan and Sancho-García, Juan C. and Ortí, Enrique and Beljonne, David},
  doi       = {10.1021/ct200203k},
  issn      = {1549-9626},
  journal   = {Journal of Chemical Theory and Computation},
  month     = {Jul},
  number    = {7},
  pages     = {2068-2077},
  publisher = {American Chemical Society (ACS)},
  title     = {Ab Initio Modeling of Donor-Acceptor Interactions and Charge-Transfer Excitations in Molecular Complexes: The Case of Terthiophene-Tetracyanoquinodimethane},
  url       = {http://dx.doi.org/10.1021/ct200203k},
  volume    = {7},
  year      = {2011},
}

@mastersthesis{araujo2012,
  address       = {Bras{\'\i}lia},
  author        = {Lauro C{\'e}sar Araujo},
  date-added    = {2013-01-09 11:04:42 +0000},
  date-modified = {2013-01-09 11:04:42 +0000},
  month         = {mar.},
  school        = {Universidade de Bras{\'\i}lia},
  subtitle      = {uma perspectiva de {A}rquitetura da {I}nforma{\c c}{\~a}o da {E}scola de {B}ras{\'\i}lia},
  title         = {Configura{\c c}{\~a}o},
  year          = {2012},
}

@manual{babel,
  author        = {Johannes Braams},
  bdsk-url-1    = {http://mirrors.ctan.org/info/babel/babel.pdf},
  date-added    = {2013-02-17 13:37:14 +0000},
  date-modified = {2013-02-17 13:38:38 +0000},
  month         = {Apr.},
  title         = {Babel, a multilingual package for use with LATEX's standard document classes},
  url           = {http://mirrors.ctan.org/info/babel/babel.pdf},
  urlaccessdate = {17 fev. 2013},
  year          = {2008},
}

@article{Badenhoop_1997,
  author    = {Badenhoop, J. K. and Weinhold, F.},
  doi       = {10.1063/1.474248},
  issn      = {1089-7690},
  journal   = {The Journal of Chemical Physics},
  month     = {Oct},
  number    = {14},
  pages     = {5406-5421},
  publisher = {AIP Publishing},
  title     = {Natural bond orbital analysis of steric interactions},
  url       = {http://dx.doi.org/10.1063/1.474248},
  volume    = {107},
  year      = {1997},
}

@article{Badenhoop_1999,
  author    = {Badenhoop, J. K. and Weinhold, F.},
  doi       = {10.1002/(sici)1097-461x(1999)72:4<269::aid-qua9>3.0.co;2-8},
  issn      = {1097-461X},
  journal   = {International Journal of Quantum Chemistry},
  number    = {4},
  pages     = {269-280},
  publisher = {Wiley},
  title     = {Natural steric analysis of internal rotation barriers},
  url       = {http://dx.doi.org/10.1002/(SICI)1097-461X(1999)72:4<269::AID-QUA9>3.0.CO;2-8},
  volume    = {72},
  year      = {1999},
}

@article{Banerjee_1985,
  author    = {Banerjee, Ajit and Adams, Noah and Simons, Jack and Shepard, Ron},
  doi       = {10.1021/j100247a015},
  issn      = {1541-5740},
  journal   = {The Journal of Physical Chemistry},
  month     = {Jan},
  number    = {1},
  pages     = {52-57},
  publisher = {American Chemical Society (ACS)},
  title     = {Search for stationary points on surfaces},
  url       = {http://dx.doi.org/10.1021/j100247a015},
  volume    = {89},
  year      = {1985},
}

@incollection{bates2010,
  address       = {New York},
  author        = {Marcia J. Bates},
  bdsk-url-1    = {http://pages.gseis.ucla.edu/faculty/bates/articles/information.html},
  booktitle     = {Encyclopedia of Library and Information Sciences},
  date-added    = {2012-04-23 11:34:29 +0000},
  date-modified = {2012-04-23 11:34:29 +0000},
  edition       = {3rd},
  editor        = {Marcia J. Bates and Mary Niles Maack},
  pages         = {2347-2360},
  publisher     = {CRC Press},
  title         = {Information},
  url           = {http://pages.gseis.ucla.edu/faculty/bates/articles/information.html},
  urlaccessdate = {24 out. 2011},
  volume        = {3},
  year          = {2010},
}

@article{Becke_1993,
  author    = {Becke, Axel D.},
  doi       = {10.1063/1.464913},
  issn      = {1089-7690},
  journal   = {The Journal of Chemical Physics},
  month     = {Apr},
  number    = {7},
  pages     = {5648-5652},
  publisher = {AIP Publishing},
  title     = {Density‐functional thermochemistry. III. The role of exact exchange},
  url       = {http://dx.doi.org/10.1063/1.464913},
  volume    = {98},
  year      = {1993},
}

@article{Beesley_1915,
  author    = {Beesley, Richard Moore and Ingold, Christopher Kelk and Thorpe, Jocelyn Field},
  doi       = {10.1039/ct9150701080},
  issn      = {0368-1645},
  journal   = {J. Chem. Soc., Trans.},
  number    = {0},
  pages     = {1080-1106},
  publisher = {Royal Society of Chemistry (RSC)},
  title     = {CXIX.—The formation and stability of spiro-compounds. Part I. spiro-Compounds from cyclohexane},
  url       = {http://dx.doi.org/10.1039/CT9150701080},
  volume    = {107},
  year      = {1915},
}

@article{Bent_1961,
  author    = {Bent, Henry A.},
  doi       = {10.1021/cr60211a005},
  issn      = {0009-2665},
  journal   = {Chemical Reviews},
  month     = {Jun},
  number    = {3},
  pages     = {275-311},
  publisher = {American Chemical Society (ACS)},
  title     = {An Appraisal of Valence-bond Structures and Hybridization in Compounds of the First-row elements.},
  url       = {http://dx.doi.org/10.1021/cr60211a005},
  volume    = {61},
  year      = {1961},
}

@article{Bertozzi_2016,
  author    = {Bertozzi, Carolyn R. and Chang, Christopher J. and Davis, Benjamin G. and Olvera de la Cruz, Monica and Tirrell, David A. and Zhao, Dongyuan},
  doi       = {10.1021/acscentsci.6b00010},
  issn      = {2374-7951},
  journal   = {ACS Central Science},
  month     = {Jan},
  number    = {1},
  pages     = {1-3},
  publisher = {American Chemical Society (ACS)},
  title     = {Grand Challenges in Chemistry for 2016 and Beyond},
  url       = {http://dx.doi.org/10.1021/acscentsci.6b00010},
  volume    = {2},
  year      = {2016},
}

@article{Binning_1990,
  author    = {Binning, R. C. and Curtiss, L. A.},
  doi       = {10.1002/jcc.540111013},
  issn      = {1096-987X},
  journal   = {Journal of Computational Chemistry},
  month     = {Nov},
  number    = {10},
  pages     = {1206-1216},
  publisher = {Wiley-Blackwell},
  title     = {Compact contracted basis sets for third-row atoms: Ga-Kr},
  url       = {http://dx.doi.org/10.1002/jcc.540111013},
  volume    = {11},
  year      = {1990},
}

@article{Blaudeau_1997,
  author    = {Blaudeau, Jean-Philippe and McGrath, Mark P. and Curtiss, Larry A. and Radom, Leo},
  doi       = {10.1063/1.474865},
  issn      = {1089-7690},
  journal   = {The Journal of Chemical Physics},
  month     = {Oct},
  number    = {13},
  pages     = {5016-5021},
  publisher = {AIP Publishing},
  title     = {Extension of Gaussian-2 (G2) theory to molecules containing third-row atoms K and Ca},
  url       = {http://dx.doi.org/10.1063/1.474865},
  volume    = {107},
  year      = {1997},
}

@article{Borissoff_2009,
  author    = {Borissoff, J. I. and Spronk, H. M.H. and Heeneman, S. and ten Cate, H.},
  doi       = {10.1093/cvr/cvp066},
  issn      = {0008-6363},
  journal   = {Cardiovascular Research},
  month     = {Feb},
  number    = {3},
  pages     = {392-403},
  publisher = {Oxford University Press (OUP)},
  title     = {Is thrombin a key player in the “coagulation-atherogenesis” maze?},
  url       = {http://dx.doi.org/10.1093/cvr/cvp066},
  volume    = {82},
  year      = {2009},
}

@article{Boto_2019,
  author    = {Boto, Roberto A. and Woller, Tatiana and Contreras-García, Julia and Fernández, Israel},
  doi       = {10.1039/9781788016490-00628},
  isbn      = {9781788014687},
  issn      = {1757-6733},
  journal   = {Noncovalent Interactions in Catalysis},
  pages     = {628-643},
  publisher = {Royal Society of Chemistry},
  title     = {CHAPTER 29. Analysis of Reactivity from the Noncovalent Interactions Perspective},
  url       = {http://dx.doi.org/10.1039/9781788016490-00628},
  year      = {2019},
}

@article{Braslavsky_2007,
  author    = {Braslavsky, S. E.},
  doi       = {10.1351/pac200779030293},
  issn      = {0033-4545},
  journal   = {Pure and Applied Chemistry},
  month     = {Jan},
  number    = {3},
  publisher = {Walter de Gruyter GmbH},
  title     = {Glossary of terms used in photochemistry, 3rd edition (IUPAC Recommendations 2006)},
  url       = {http://dx.doi.org/10.1351/pac200779030293},
  volume    = {79},
  year      = {2007},
}

@misc{Breakthrough_Catalyst,
  month = {September},
  note  = {R\&D Magazine},
  pages = {20},
  title = {Recognizing the Best in Innovation: Breakthrough Catalyst},
  year  = {2005},
}

@article{Breslow_1995,
  author    = {Breslow, Ronald},
  doi       = {10.1021/ar00051a008},
  issn      = {1520-4898},
  journal   = {Accounts of Chemical Research},
  month     = {Mar},
  number    = {3},
  pages     = {146-153},
  publisher = {American Chemical Society (ACS)},
  title     = {Biomimetic Chemistry and Artificial Enzymes: Catalysis by Design},
  url       = {http://dx.doi.org/10.1021/ar00051a008},
  volume    = {28},
  year      = {1995},
}

@article{Bruice_1960a,
  author    = {Bruice, Thomas C. and Pandit, Upendra K.},
  doi       = {10.1021/ja01507a023},
  issn      = {1520-5126},
  journal   = {Journal of the American Chemical Society},
  month     = {Nov},
  number    = {22},
  pages     = {5858-5865},
  publisher = {American Chemical Society (ACS)},
  title     = {The Effect of Geminal Substitution Ring Size and Rotamer Distribution on the Intramolecular Nucleophilic Catalysis of the Hydrolysis of Monophenyl Esters of Dibasic Acids and the Solvolysis of the Intermediate Anhydrides},
  url       = {http://dx.doi.org/10.1021/ja01507a023},
  volume    = {82},
  year      = {1960},
}

@article{Bruice_1960b,
  author  = {Bruice, Thomas C. and Pandit, Upendra K.},
  eprint  = {http://www.pnas.org/content/46/4/402.full.pdf},
  journal = {Proceedings of the National Academy of Sciences},
  number  = {4},
  pages   = {402-404},
  title   = {INTRAMOLECULAR MODELS DEPICTING THE KINETIC IMPORTANCE OF „FIT” IN ENZYMATIC CATALYSIS},
  url     = {http://www.pnas.org/content/46/4/402.short},
  volume  = {46},
  year    = {1960},
}

@article{Bruice_1965,
  author    = {Bruice, Thomas C. and Bradbury, William C.},
  doi       = {10.1021/ja00949a030},
  issn      = {1520-5126},
  journal   = {Journal of the American Chemical Society},
  month     = {Nov},
  number    = {21},
  pages     = {4838-4845},
  publisher = {American Chemical Society (ACS)},
  title     = {The gem Effect. I. The Influence of 3-Substituents on the Rates of Solvolysis of Glutaric Anhydride. A Conformational Analysis},
  url       = {http://dx.doi.org/10.1021/ja00949a030},
  volume    = {87},
  year      = {1965},
}

@article{Bruice_1970,
  author    = {Bruice, Thomas C.},
  doi       = {10.1016/s1874-6047(08)60183-3},
  isbn      = {9780121227029},
  issn      = {1874-6047},
  journal   = {The Enzymes},
  pages     = {217-279},
  publisher = {Elsevier},
  title     = {4 Proximity Effects and Enzyme Catalysis},
  url       = {http://dx.doi.org/10.1016/S1874-6047(08)60183-3},
  year      = {1970},
}

@article{Burns_2011,
  author    = {Burns,
               Lori A. and Mayagoitia,
               \'Alvaro Vázquez- and Sumpter,
               Bobby G. and Sherrill,
               C. David},
  doi       = {10.1063/1.3545971},
  issn      = {1089-7690},
  journal   = {The Journal of Chemical Physics},
  month     = {Feb},
  number    = {8},
  pages     = {084107},
  publisher = {AIP Publishing},
  title     = {Density-functional approaches to noncovalent interactions: A comparison of dispersion corrections (DFT-D),
               exchange-hole dipole moment (XDM) theory,
               and specialized functionals},
  url       = {http://dx.doi.org/10.1063/1.3545971},
  volume    = {134},
  year      = {2011},
}

@article{Capon_1964,
  author    = {Capon, Brian},
  journal   = {Quarterly Reviews, Chemical Society},
  number    = {1},
  pages     = {45--111},
  publisher = {Royal Society of Chemistry},
  title     = {Neighbouring group participation},
  volume    = {18},
  year      = {1964},
}

@article{Carpenter_1988,
  author    = {Carpenter, J.E. and Weinhold, F.},
  doi       = {10.1016/0166-1280(88)80248-3},
  issn      = {0166-1280},
  journal   = {Journal of Molecular Structure: THEOCHEM},
  month     = {Aug},
  pages     = {41-62},
  publisher = {Elsevier BV},
  title     = {Analysis of the geometry of the hydroxymethyl radical by the "different hybrids for different spins" natural bond orbital procedure},
  url       = {http://dx.doi.org/10.1016/0166-1280(88)80248-3},
  volume    = {169},
  year      = {1988},
}

@book{Catalysis_in_Chemistry_and_Enzymology,
  author    = {William P. Jencks},
  isbn      = {0486654605},
  publisher = {Dover Publications},
  title     = {Catalysis in Chemistry and Enzymology},
  year      = {1987},
}

@article{Chai_2008a,
  author    = {Chai, Jeng-Da and Head-Gordon, Martin},
  doi       = {10.1063/1.2834918},
  issn      = {1089-7690},
  journal   = {The Journal of Chemical Physics},
  month     = {Feb},
  number    = {8},
  pages     = {084106},
  publisher = {AIP Publishing},
  title     = {Systematic optimization of long-range corrected hybrid density functionals},
  url       = {http://dx.doi.org/10.1063/1.2834918},
  volume    = {128},
  year      = {2008},
}

@article{Chai_2008b,
  author    = {Chai, Jeng-Da and Head-Gordon, Martin},
  doi       = {10.1039/b810189b},
  issn      = {1463-9084},
  journal   = {Physical Chemistry Chemical Physics},
  number    = {44},
  pages     = {6615},
  publisher = {Royal Society of Chemistry (RSC)},
  title     = {Long-range corrected hybrid density functionals with damped atom-atom dispersion corrections},
  url       = {http://dx.doi.org/10.1039/B810189B},
  volume    = {10},
  year      = {2008},
}

@article{Clark_1983,
  author    = {Clark, Timothy and Chandrasekhar, Jayaraman and Spitznagel, G�nther W. and Schleyer, Paul Von Ragu�},
  doi       = {10.1002/jcc.540040303},
  issn      = {1096-987X},
  journal   = {Journal of Computational Chemistry},
  number    = {3},
  pages     = {294-301},
  publisher = {Wiley-Blackwell},
  title     = {Efficient diffuse function-augmented basis sets for anion calculations. III. The 3-21+G basis set for first-row elements, Li-F},
  url       = {http://dx.doi.org/10.1002/jcc.540040303},
  volume    = {4},
  year      = {1983},
}
@article{Coelho2019,
  author    = {Coelho, Sara E. and Schneider, Felipe S. S. and de Oliveira, Daniela C. and Tripodi, Guilherme L. and Eberlin, Marcos N. and Caramori, Giovanni F. and de Souza, Bernardo and Domingos, Josiel B.},
  doi       = {10.1021/acscatal.9b00210},
  issn      = {2155-5435},
  journal   = {ACS Catalysis},
  month     = {Mar},
  number    = {5},
  pages     = {3792-3799},
  publisher = {American Chemical Society (ACS)},
  title     = {Mechanism of Palladium(II)-Mediated Uncaging Reactions of Propargylic Substrates},
  url       = {http://dx.doi.org/10.1021/acscatal.9b00210},
  volume    = {9},
  year      = {2019},
}

@article{Cramer_2008,
  author    = {Cramer, Christopher J. and Truhlar, Donald G.},
  doi       = {10.1021/ar800019z},
  issn      = {1520-4898},
  journal   = {Accounts of Chemical Research},
  month     = {Jun},
  number    = {6},
  pages     = {760-768},
  publisher = {American Chemical Society (ACS)},
  title     = {A Universal Approach to Solvation Modeling},
  url       = {http://dx.doi.org/10.1021/ar800019z},
  volume    = {41},
  year      = {2008},
}

@article{Curtin_1954,
  author  = {Curtin, DAVID Y},
  journal = {Rec. Chem. Prog},
  pages   = {110--128},
  title   = {Stereochemical control of organic reactions differences in behaviour of diastereoisomers},
  volume  = {15},
  year    = {1954},
}

@article{Curtiss_1995,
  author    = {Curtiss, Larry A. and McGrath, Mark P. and Blaudeau, Jean‐Philippe and Davis, Nancy E. and Binning, Robert C. and Radom, Leo},
  doi       = {10.1063/1.470438},
  issn      = {1089-7690},
  journal   = {The Journal of Chemical Physics},
  month     = {Oct},
  number    = {14},
  pages     = {6104-6113},
  publisher = {AIP Publishing},
  title     = {Extension of Gaussian‐2 theory to molecules containing third‐row atoms Ga-Kr},
  url       = {http://dx.doi.org/10.1063/1.470438},
  volume    = {103},
  year      = {1995},
}

@article{Dafforn_1971,
  author  = {Dafforn, A. and Koshland, D. E.},
  eprint  = {http://www.pnas.org/content/68/10/2463.full.pdf},
  journal = {Proceedings of the National Academy of Sciences},
  number  = {10},
  pages   = {2463-2467},
  title   = {Theoretical Aspects of Orbital Steering},
  url     = {http://www.pnas.org/content/68/10/2463.abstract},
  volume  = {68},
  year    = {1971},
}

@article{deMelo2020,
  author    = {de Melo, Carlos E.A. and Nicoleti, Celso R. and Nandi, Leandro G. and Schneider, Felipe S.S. and da S. Oliboni, Robson and Caramori, Giovanni F. and Machado, Vanderlei G.},
  doi       = {10.1016/j.molliq.2019.112330},
  issn      = {0167-7322},
  journal   = {Journal of Molecular Liquids},
  month     = {Mar},
  pages     = {112330},
  publisher = {Elsevier BV},
  title     = {Solvatochromism of new substituted 4-[(E)-(4-nitrophenyl)diazenyl]phenolate dyes},
  url       = {http://dx.doi.org/10.1016/j.molliq.2019.112330},
  volume    = {301},
  year      = {2020},
}

@book{dewey1980,
  address       = {New York, NY, USA},
  author        = {John Dewey},
  date-added    = {2012-04-23 11:34:16 +0000},
  date-modified = {2012-04-23 11:34:16 +0000},
  publisher     = {Perigee Books},
  title         = {Art as Experience},
  year          = {1980},
}

@misc{DFT2016_poll,
  author       = {Swart, Marcel and Bickelhaupt, F. Matthias and Duran, Miquel},
  howpublished = {\url{http://www.marcelswart.eu/dft-poll/news2016.pdf}},
  note         = {Accessed: 2017-06-10},
  title        = {DFT2016 poll},
}

@article{Ding_2009,
  author    = {Ding, Feizhi and Smith, Jeremy M. and Wang, Haobin},
  doi       = {10.1021/jo802641r},
  issn      = {1520-6904},
  journal   = {The Journal of Organic Chemistry},
  month     = {Apr},
  number    = {7},
  pages     = {2679-2691},
  publisher = {American Chemical Society (ACS)},
  title     = {First-Principles Calculation of \emph{pKa} Values for Organic Acids in Nonaqueous Solution},
  url       = {http://dx.doi.org/10.1021/jo802641r},
  volume    = {74},
  year      = {2009},
}

@article{Ditchfield_1971,
  author    = {Ditchfield, R. and Hehre, W. J. and Pople, J. A.},
  doi       = {10.1063/1.1674902},
  issn      = {1089-7690},
  journal   = {The Journal of Chemical Physics},
  month     = {Jan},
  number    = {2},
  pages     = {724-728},
  publisher = {AIP Publishing},
  title     = {Self‐Consistent Molecular‐Orbital Methods. IX. An Extended Gaussian‐Type Basis for Molecular‐Orbital Studies of Organic Molecules},
  url       = {http://dx.doi.org/10.1063/1.1674902},
  volume    = {54},
  year      = {1971},
}

@misc{doi2bib2021zenodo,
  author       = {Schneider, Felipe S. S.},
  doi          = {10.5281/ZENODO.4625655},
  howpublished = {\url{https://doi.org/10.5281/ZENODO.4625655}},
  month        = {Mar},
  note         = {Accessed: 2022-07-29},
  publisher    = {Zenodo},
  title        = {schneiderfelipe/doi2bib: doi2bib v1.1},
  url          = {https://zenodo.org/record/4625655},
  year         = {2021},
}

@book{doxiadis1965,
  author        = {Constantinos A. Doxiadis},
  date-added    = {2012-04-23 11:34:20 +0000},
  date-modified = {2012-04-23 11:34:20 +0000},
  publisher     = {Ceira - Coimbra},
  title         = {Arquitetura em Transi{\c c}{\~a}o},
  year          = {1965},
}

@manual{EIA649B,
  address       = {EUA},
  date-added    = {2012-04-23 11:34:59 +0000},
  date-modified = {2012-04-23 11:34:59 +0000},
  keywords      = {norma},
  month         = {June},
  organization  = {TechAmerica},
  title         = {ANSI/EIA 649-B: Configuration Management Standard},
  year          = {2011},
}

@article{Ernzerhof_1999,
  author    = {Ernzerhof, Matthias and Scuseria, Gustavo E.},
  doi       = {10.1063/1.478401},
  issn      = {1089-7690},
  journal   = {The Journal of Chemical Physics},
  month     = {Mar},
  number    = {11},
  pages     = {5029-5036},
  publisher = {AIP Publishing},
  title     = {Assessment of the Perdew-Burke-Ernzerhof exchange-correlation functional},
  url       = {http://dx.doi.org/10.1063/1.478401},
  volume    = {110},
  year      = {1999},
}

@article{Fesik_2001,
  author    = {Fesik, S. W.},
  doi       = {10.1126/science.1062236},
  issn      = {1095-9203},
  journal   = {Science},
  month     = {Nov},
  number    = {5546},
  pages     = {1477-1478},
  publisher = {American Association for the Advancement of Science (AAAS)},
  title     = {STRUCTURAL BIOLOGY: Controlling the Caspases},
  url       = {http://dx.doi.org/10.1126/science.1062236},
  volume    = {294},
  year      = {2001},
}

@article{Fischer_1890,
  author    = {Fischer, Emil},
  doi       = {10.1002/cber.189002302157},
  issn      = {1099-0682},
  journal   = {Berichte der deutschen chemischen Gesellschaft},
  month     = {Jul},
  number    = {2},
  pages     = {2611-2624},
  publisher = {Wiley-Blackwell},
  title     = {Ueber die optischen Isomeren des Traubenzuckers, der Gluconsäure und der Zuckersäure},
  url       = {http://dx.doi.org/10.1002/cber.189002302157},
  volume    = {23},
  year      = {1890},
}

@article{Fischer_1894,
  author    = {Fischer, Emil},
  doi       = {10.1002/cber.18940270364},
  issn      = {1099-0682},
  journal   = {Berichte der deutschen chemischen Gesellschaft},
  month     = {Oct},
  number    = {3},
  pages     = {2985-2993},
  publisher = {Wiley-Blackwell},
  title     = {Einfluss der Configuration auf die Wirkung der Enzyme},
  url       = {http://dx.doi.org/10.1002/cber.18940270364},
  volume    = {27},
  year      = {1894},
}

@article{Foster_1980,
  author    = {Foster, J. P. and Weinhold, F.},
  doi       = {10.1021/ja00544a007},
  issn      = {0002-7863},
  journal   = {Journal of the American Chemical Society},
  month     = {Sep},
  number    = {24},
  pages     = {7211-7218},
  publisher = {American Chemical Society (ACS)},
  title     = {Natural hybrid orbitals},
  url       = {http://dx.doi.org/10.1021/ja00544a007},
  volume    = {102},
  year      = {1980},
}

@article{Francl_1982,
  author    = {Francl, Michelle M. and Pietro, William J. and Hehre, Warren J. and Binkley, J. Stephen and Gordon, Mark S. and DeFrees, Douglas J. and Pople, John A.},
  doi       = {10.1063/1.444267},
  issn      = {1089-7690},
  journal   = {The Journal of Chemical Physics},
  month     = {Oct},
  number    = {7},
  pages     = {3654-3665},
  publisher = {AIP Publishing},
  title     = {Self‐consistent molecular orbital methods. XXIII. A polarization‐type basis set for second‐row elements},
  url       = {http://dx.doi.org/10.1063/1.444267},
  volume    = {77},
  year      = {1982},
}

@article{Frisch_1984,
  author    = {Frisch, Michael J. and Pople, John A. and Binkley, J. Stephen},
  doi       = {10.1063/1.447079},
  issn      = {1089-7690},
  journal   = {The Journal of Chemical Physics},
  month     = {Apr},
  number    = {7},
  pages     = {3265-3269},
  publisher = {AIP Publishing},
  title     = {Self‐consistent molecular orbital methods 25. Supplementary functions for Gaussian basis sets},
  url       = {http://dx.doi.org/10.1063/1.447079},
  volume    = {80},
  year      = {1984},
}

@article{Frisch_1990a,
  author    = {Frisch, Michael J. and Head-Gordon, Martin and Pople, John A.},
  doi       = {10.1016/0009-2614(90)80029-d},
  issn      = {0009-2614},
  journal   = {Chemical Physics Letters},
  month     = {Feb},
  number    = {3},
  pages     = {275-280},
  publisher = {Elsevier BV},
  title     = {A direct MP2 gradient method},
  url       = {http://dx.doi.org/10.1016/0009-2614(90)80029-D},
  volume    = {166},
  year      = {1990},
}

@article{Frisch_1990b,
  author    = {Frisch, Michael J. and Head-Gordon, Martin and Pople, John A.},
  doi       = {10.1016/0009-2614(90)80030-h},
  issn      = {0009-2614},
  journal   = {Chemical Physics Letters},
  month     = {Feb},
  number    = {3},
  pages     = {281-289},
  publisher = {Elsevier BV},
  title     = {Semi-direct algorithms for the MP2 energy and gradient},
  url       = {http://dx.doi.org/10.1016/0009-2614(90)80030-H},
  volume    = {166},
  year      = {1990},
}

@article{Fukui_1981,
  author    = {Fukui, Kenichi},
  doi       = {10.1021/ar00072a001},
  issn      = {1520-4898},
  journal   = {Accounts of Chemical Research},
  month     = {Dec},
  number    = {12},
  pages     = {363-368},
  publisher = {American Chemical Society (ACS)},
  title     = {The path of chemical reactions - the IRC approach},
  url       = {http://dx.doi.org/10.1021/ar00072a001},
  volume    = {14},
  year      = {1981},
}

@misc{g09,
  author = {M. J. Frisch and G. W. Trucks and H. B. Schlegel and G. E. Scuseria and M. A. Robb and J. R. Cheeseman and G. Scalmani and V. Barone and B. Mennucci and G. A. Petersson and H. Nakatsuji and M. Caricato and X. Li and H. P. Hratchian and A. F. Izmaylov and J. Bloino and G. Zheng and J. L. Sonnenberg and M. Hada and M. Ehara and K. Toyota and R. Fukuda and J. Hasegawa and M. Ishida and T. Nakajima and Y. Honda and O. Kitao and H. Nakai and T. Vreven and Montgomery, {Jr.}, J. A. and J. E. Peralta and F. Ogliaro and M. Bearpark and J. J. Heyd and E. Brothers and K. N. Kudin and V. N. Staroverov and R. Kobayashi and J. Normand and K. Raghavachari and A. Rendell and J. C. Burant and S. S. Iyengar and J. Tomasi and M. Cossi and N. Rega and J. M. Millam and M. Klene and J. E. Knox and J. B. Cross and V. Bakken and C. Adamo and J. Jaramillo and R. Gomperts and R. E. Stratmann and O. Yazyev and A. J. Austin and R. Cammi and C. Pomelli and J. W. Ochterski and R. L. Martin and K. Morokuma and V. G. Zakrzewski and G. A. Voth and P. Salvador and J. J. Dannenberg and S. Dapprich and A. D. Daniels and Ö. Farkas and J. B. Foresman and J. V. Ortiz and J. Cioslowski and D. J. Fox},
  note   = {Gaussian Inc. Wallingford CT 2009},
  title  = {Gaussian~09 {R}evision {C}.01},
}

@article{Galli_1979,
  author    = {Galli, Carlo and Giovannelli, Giuseppe and Illuminati, Gabriello and Mandolini, Luigi},
  doi       = {10.1021/jo01322a015},
  issn      = {1520-6904},
  journal   = {The Journal of Organic Chemistry},
  month     = {Apr},
  number    = {8},
  pages     = {1258-1261},
  publisher = {American Chemical Society (ACS)},
  title     = {Ring-closure reactions. 12. gem-dimethyl effect in some medium and large rings},
  url       = {http://dx.doi.org/10.1021/jo01322a015},
  volume    = {44},
  year      = {1979},
}

@article{Garc_a_Rodeja_2019,
  author    = {García-Rodeja, Yago and Fernández, Israel},
  issn      = {1520-6904},
  journal   = {The Journal of Organic Chemistry},
  month     = {Mar},
  publisher = {American Chemical Society (ACS)},
  title     = {Factors Controlling the Reactivity of Strained-Alkyne Embedded Cycloparaphenylenes},
  url       = {http://dx.doi.org/10.1021/acs.joc.9b00292},
  year      = {2019},
}

@book{GlobalCatalystMarket,
  edition   = {Third},
  month     = {March},
  pages     = {542},
  publisher = {Acmite Market Intelligence},
  title     = {Market Report: Global Catalyst Market},
  year      = {2015},
}

@article{Goerigk_2011,
  author    = {Goerigk, Lars and Grimme, Stefan},
  doi       = {10.1039/c0cp02984j},
  issn      = {1463-9084},
  journal   = {Physical Chemistry Chemical Physics},
  number    = {14},
  pages     = {6670},
  publisher = {Royal Society of Chemistry (RSC)},
  title     = {A thorough benchmark of density functional methods for general main group thermochemistry, kinetics, and noncovalent interactions},
  url       = {http://dx.doi.org/10.1039/C0CP02984J},
  volume    = {13},
  year      = {2011},
}

@article{Goldberg_2002,
  author    = {Goldberg, Robert N. and Kishore, Nand and Lennen, Rebecca M.},
  doi       = {10.1063/1.1416902},
  issn      = {1529-7845},
  journal   = {Journal of Physical and Chemical Reference Data},
  month     = {Jun},
  number    = {2},
  pages     = {231-370},
  publisher = {AIP Publishing},
  title     = {Thermodynamic Quantities for the Ionization Reactions of Buffers},
  url       = {http://dx.doi.org/10.1063/1.1416902},
  volume    = {31},
  year      = {2002},
}

@article{Gordon_1980,
  author    = {Gordon, Mark S.},
  doi       = {10.1016/0009-2614(80)80628-2},
  issn      = {0009-2614},
  journal   = {Chemical Physics Letters},
  month     = {Nov},
  number    = {1},
  pages     = {163-168},
  publisher = {Elsevier BV},
  title     = {The isomers of silacyclopropane},
  url       = {http://dx.doi.org/10.1016/0009-2614(80)80628-2},
  volume    = {76},
  year      = {1980},
}

@article{Groom2016,
  author    = {Groom, Colin R. and Bruno, Ian J. and Lightfoot, Matthew P. and Ward, Suzanna C.},
  doi       = {10.1107/s2052520616003954},
  issn      = {2052-5206},
  journal   = {Acta Crystallogr Sect B Struct Sci},
  month     = {Apr},
  number    = {2},
  pages     = {171-179},
  publisher = {International Union of Crystallography (IUCr)},
  title     = {The Cambridge Structural Database},
  url       = {http://dx.doi.org/10.1107/S2052520616003954},
  volume    = {72},
  year      = {2016},
}

@article{Gross2018,
  author    = {Gross, Idejan P. and Schneider, Felipe S.S. and Caro, Miguel S.B. and da Conceição, Thiago F. and Caramori, Giovanni F. and Pires, Alfredo T.N.},
  doi       = {10.1016/j.polymdegradstab.2018.06.016},
  issn      = {0141-3910},
  journal   = {Polymer Degradation and Stability},
  month     = {Sep},
  pages     = {1-8},
  publisher = {Elsevier BV},
  title     = {Polylactic acid, maleic anhydride and dicumyl peroxide: NMR study of the free-radical melt reaction product},
  url       = {http://dx.doi.org/10.1016/j.polymdegradstab.2018.06.016},
  volume    = {155},
  year      = {2018},
}

@inbook{guarino1995,
  address       = {Vienna},
  author        = {Nicola Guarino},
  bdsk-url-1    = {http://wiki.loa-cnr.it/Papers/OntLev.pdf},
  booktitle     = {Philosophy and the Cognitive Science},
  date-added    = {2012-04-23 11:34:29 +0000},
  date-modified = {2012-04-23 11:34:29 +0000},
  editor        = {R. Casati and B. Smith and G. White},
  month         = {Sept.},
  pages         = {443-456},
  publisher     = {Holder-Pivhler-Tempsky},
  title         = {The Ontological Level},
  url           = {http://wiki.loa-cnr.it/Papers/OntLev.pdf},
  urlaccessdate = {2 jan. 2012},
  year          = {1995},
}

@phdthesis{guizzardi2005,
  address       = {Enschede, The Netherlands},
  author        = {Giancarlo Guizzardi},
  bdsk-url-1    = {http://www.loa.istc.cnr.it/Guizzardi/SELMAS-CR.pdf},
  date-added    = {2012-04-23 11:35:28 +0000},
  date-modified = {2012-04-23 11:35:28 +0000},
  school        = {Centre for Telematics and Information Technology, University of Twente},
  title         = {Ontological Foundations for Structural Conceptual Models},
  url           = {http://www.loa.istc.cnr.it/Guizzardi/SELMAS-CR.pdf},
  urlaccessdate = {3 jul. 2011},
  year          = {2005},
}

@article{Hammond_1955,
  author    = {Hammond, George S.},
  doi       = {10.1021/ja01607a027},
  issn      = {1520-5126},
  journal   = {Journal of the American Chemical Society},
  month     = {Jan},
  number    = {2},
  pages     = {334-338},
  publisher = {American Chemical Society (ACS)},
  title     = {A Correlation of Reaction Rates},
  url       = {http://dx.doi.org/10.1021/ja01607a027},
  volume    = {77},
  year      = {1955},
}

@article{HammondPrinciple,
  doi       = {10.1351/goldbook.h02734},
  isbn      = {0967855098},
  journal   = {IUPAC Compendium of Chemical Terminology},
  note      = {Accessed: 2019-02-01},
  publisher = {IUPAC},
  title     = {Hammond principle (Hammond postulate)},
  url       = {http://dx.doi.org/10.1351/goldbook.H02734},
}

@article{Hariharan_1973,
  author    = {Hariharan, P. C. and Pople, J. A.},
  doi       = {10.1007/bf00533485},
  issn      = {1432-2234},
  journal   = {Theoretica Chimica Acta},
  number    = {3},
  pages     = {213-222},
  publisher = {Springer Nature},
  title     = {The influence of polarization functions on molecular orbital hydrogenation energies},
  url       = {http://dx.doi.org/10.1007/BF00533485},
  volume    = {28},
  year      = {1973},
}

@article{Hariharan_1974,
  author    = {Hariharan, P.C. and Pople, J.A.},
  doi       = {10.1080/00268977400100171},
  issn      = {1362-3028},
  journal   = {Molecular Physics},
  month     = {Jan},
  number    = {1},
  pages     = {209-214},
  publisher = {Informa UK Limited},
  title     = {Accuracy of AHnequilibrium geometries by single determinant molecular orbital theory},
  url       = {http://dx.doi.org/10.1080/00268977400100171},
  volume    = {27},
  year      = {1974},
}

@article{Hay_1977,
  author    = {Hay, P. Jeffrey},
  doi       = {10.1063/1.433731},
  issn      = {1089-7690},
  journal   = {The Journal of Chemical Physics},
  month     = {May},
  number    = {10},
  pages     = {4377-4384},
  publisher = {AIP Publishing},
  title     = {Gaussian basis sets for molecular calculations. The representation of 3d orbitals in transition‐metal atoms},
  url       = {http://dx.doi.org/10.1063/1.433731},
  volume    = {66},
  year      = {1977},
}

@article{Head_Gordon_1988,
  author    = {Head-Gordon, Martin and Pople, John A. and Frisch, Michael J.},
  doi       = {10.1016/0009-2614(88)85250-3},
  issn      = {0009-2614},
  journal   = {Chemical Physics Letters},
  month     = {Dec},
  number    = {6},
  pages     = {503-506},
  publisher = {Elsevier BV},
  title     = {MP2 energy evaluation by direct methods},
  url       = {http://dx.doi.org/10.1016/0009-2614(88)85250-3},
  volume    = {153},
  year      = {1988},
}

@article{Head_Gordon_1994,
  author    = {Head-Gordon, Martin and Head-Gordon, Teresa},
  doi       = {10.1016/0009-2614(94)00116-2},
  issn      = {0009-2614},
  journal   = {Chemical Physics Letters},
  month     = {Mar},
  number    = {1-2},
  pages     = {122-128},
  publisher = {Elsevier BV},
  title     = {Analytic MP2 frequencies without fifth-order storage. Theory and application to bifurcated hydrogen bonds in the water hexamer},
  url       = {http://dx.doi.org/10.1016/0009-2614(94)00116-2},
  volume    = {220},
  year      = {1994},
}

@article{Hehre_1972,
  author    = {Hehre, W. J. and Ditchfield, R. and Pople, J. A.},
  doi       = {10.1063/1.1677527},
  issn      = {1089-7690},
  journal   = {The Journal of Chemical Physics},
  month     = {Mar},
  number    = {5},
  pages     = {2257-2261},
  publisher = {AIP Publishing},
  title     = {Self—Consistent Molecular Orbital Methods. XII. Further Extensions of Gaussian—Type Basis Sets for Use in Molecular Orbital Studies of Organic Molecules},
  url       = {http://dx.doi.org/10.1063/1.1677527},
  volume    = {56},
  year      = {1972},
}

@article{Helgaker_1997,
  author    = {Helgaker, Trygve and Gauss, Jürgen and Jo/rgensen, Poul and Olsen, Jeppe},
  doi       = {10.1063/1.473634},
  issn      = {1089-7690},
  journal   = {The Journal of Chemical Physics},
  month     = {Apr},
  number    = {15},
  pages     = {6430-6440},
  publisher = {AIP Publishing},
  title     = {The prediction of molecular equilibrium structures by the standard electronic wave functions},
  url       = {http://dx.doi.org/10.1063/1.473634},
  volume    = {106},
  year      = {1997},
}

@article{Hill_2012,
  author    = {Hill, J. Grant},
  doi       = {10.1002/qua.24355},
  issn      = {0020-7608},
  journal   = {International Journal of Quantum Chemistry},
  month     = {Oct},
  number    = {1},
  pages     = {21-34},
  publisher = {Wiley},
  title     = {Gaussian basis sets for molecular applications},
  url       = {http://dx.doi.org/10.1002/qua.24355},
  volume    = {113},
  year      = {2012},
}

@article{Hohenberg_1964,
  author    = {Hohenberg, P. and Kohn, W.},
  doi       = {10.1103/physrev.136.b864},
  issn      = {0031-899X},
  journal   = {Physical Review},
  month     = {Nov},
  number    = {3B},
  pages     = {B864-B871},
  publisher = {American Physical Society (APS)},
  title     = {Inhomogeneous Electron Gas},
  url       = {http://dx.doi.org/10.1103/PhysRev.136.B864},
  volume    = {136},
  year      = {1964},
}

@article{Holroyd_2007,
  author    = {Holroyd, Leo F. and van Mourik, Tanja},
  doi       = {10.1016/j.cplett.2007.05.072},
  issn      = {0009-2614},
  journal   = {Chemical Physics Letters},
  month     = {Jul},
  number    = {1-3},
  pages     = {42-46},
  publisher = {Elsevier BV},
  title     = {Insufficient description of dispersion in \emph{B3LYP} and large basis set superposition errors in MP2 calculations can hide peptide conformers},
  url       = {http://dx.doi.org/10.1016/j.cplett.2007.05.072},
  volume    = {442},
  year      = {2007},
}

@article{HomodesmoticReaction,
  doi       = {10.1351/goldbook.ht07048},
  isbn      = {0-9678550-9-8},
  journal   = {IUPAC Compendium of Chemical Terminology},
  note      = {Accessed: 2017-06-10},
  publisher = {IUPAC},
  title     = {Homodesmotic reaction},
  url       = {http://dx.doi.org/10.1351/goldbook.HT07048},
}

@article{Huang_2010,
  author    = {Huang, Xiong-Yi and Wang, Hua-Jing and Shi, Jing},
  doi       = {10.1021/jp909043a},
  issn      = {1520-5215},
  journal   = {The Journal of Physical Chemistry A},
  month     = {Jan},
  number    = {2},
  pages     = {1068-1081},
  publisher = {American Chemical Society (ACS)},
  title     = {Theoretical Study on Acidities of (S)-Proline Amide Derivatives in DMSO and Its Implications for Organocatalysis},
  url       = {http://dx.doi.org/10.1021/jp909043a},
  volume    = {114},
  year      = {2010},
}

@book{ibge1993,
  address       = {Rio de Janeiro},
  author        = {IBGE},
  date-added    = {2013-08-21 13:56:10 +0000},
  date-modified = {2013-08-21 13:56:10 +0000},
  edition       = {3},
  organization  = {http://biblioteca.ibge.gov.br/visualizacao/livros/liv23907.pdf},
  publisher     = {Centro de Documenta{\c c}{\~a}o e Dissemina{\c c}{\~a}o de Informa{\c c}{\~o}es. Funda{\c c}{\~a}o Intituto Brasileiro de Geografia e Estat{\'\i}stica},
  title         = {Normas de apresenta{\c c}{\~a}o tabular},
  urlaccessdate = {21 ago 2013},
  year          = {1993},
}

@article{IEEE_1998,
  doi       = {10.1109/ieeestd.1998.87897},
  isbn      = {0738105805},
  publisher = {IEEE},
  url       = {http://dx.doi.org/10.1109/IEEESTD.1998.87897},
  year      = {1998},
}

@book{Jeffrey_1997,
  author    = {George A. Jeffrey},
  isbn      = {0195095499},
  publisher = {Oxford University Press},
  title     = {An Introduction to Hydrogen Bonding (Topics in Physical Chemistry)},
  year      = {1997},
}

@article{Jensen_2012,
  author    = {Jensen, Frank},
  doi       = {10.1002/wcms.1123},
  issn      = {1759-0876},
  journal   = {Wiley Interdisciplinary Reviews: Computational Molecular Science},
  month     = {Oct},
  number    = {3},
  pages     = {273-295},
  publisher = {Wiley},
  title     = {Atomic orbital basis sets},
  url       = {http://dx.doi.org/10.1002/wcms.1123},
  volume    = {3},
  year      = {2012},
}

@article{Jung_1990,
  author    = {Jung, Michael E.},
  doi       = {10.1055/s-1990-21028},
  issn      = {1437-2096},
  journal   = {Synlett},
  number    = {04},
  pages     = {186-190},
  publisher = {Thieme Publishing Group},
  title     = {Substituent and Solvent Effects in Intramolecular Diets-Alder Reactions},
  url       = {http://dx.doi.org/10.1055/s-1990-21028},
  volume    = {1990},
  year      = {1990},
}

@article{Jung_2005,
  author    = {Jung, Michael E. and Piizzi, Grazia},
  doi       = {10.1021/cr940337h},
  issn      = {1520-6890},
  journal   = {Chemical Reviews},
  month     = {May},
  number    = {5},
  pages     = {1735-1766},
  publisher = {American Chemical Society (ACS)},
  title     = {gem-Disubstituent Effect:  Theoretical Basis and Synthetic Applications},
  url       = {http://dx.doi.org/10.1021/cr940337h},
  volume    = {105},
  year      = {2005},
}

@article{Kamerlin_2010,
  author    = {Kamerlin, Shina C. L. and Warshel, Arieh},
  doi       = {10.1002/prot.22654},
  issn      = {1097-0134},
  journal   = {Proteins: Structure, Function, and Bioinformatics},
  pages     = {NA-NA},
  publisher = {Wiley-Blackwell},
  title     = {At the dawn of the 21st century: Is dynamics the missing link for understanding enzyme catalysis?},
  url       = {http://dx.doi.org/10.1002/prot.22654},
  year      = {2010},
}

@article{Kaneti_2004,
  author    = {Kaneti, Jose and Kirby, Anthony J. and Koedjikov, Asen H. and Pojarlieff, Ivan G.},
  doi       = {10.1039/b400248b},
  issn      = {1477-0539},
  journal   = {Org. Biomol. Chem.},
  number    = {7},
  pages     = {1098-1103},
  publisher = {Royal Society of Chemistry (RSC)},
  title     = {Thorpe-Ingold effects in cyclizations to five-membered and six-membered rings containing planar segments. The rearrangement of N(1)-alkyl-substituted dihydroorotic acids to hydantoinacetic acids in base},
  url       = {http://dx.doi.org/10.1039/B400248B},
  volume    = {2},
  year      = {2004},
}

@article{Kapust_2000,
  author    = {Kapust, Rachel B. and Waugh, David S.},
  doi       = {10.1006/prep.2000.1251},
  issn      = {1046-5928},
  journal   = {Protein Expression and Purification},
  month     = {Jul},
  number    = {2},
  pages     = {312-318},
  publisher = {Elsevier BV},
  title     = {Controlled Intracellular Processing of Fusion Proteins by TEV Protease},
  url       = {http://dx.doi.org/10.1006/prep.2000.1251},
  volume    = {19},
  year      = {2000},
}

@article{Kar2017,
  author    = {Kar, Tapas and Adhikari, Upendra and Scheiner, Steve and Roy, Ajit K. and Parreira, Renato L. T. and de S. Bergamo, Pedro A. and Caramori, Giovanni F. and Schneider, Felipe S. S.},
  doi       = {10.1021/acs.jpcc.6b10676},
  issn      = {1932-7455},
  journal   = {The Journal of Physical Chemistry C},
  month     = {Apr},
  number    = {17},
  pages     = {9516-9527},
  publisher = {American Chemical Society (ACS)},
  title     = {Solvation Enhances the Distinction between Carboxylated Armchair and Zigzag Single-Wall Carbon Nanotubes (SWNT-COOH)},
  url       = {http://dx.doi.org/10.1021/acs.jpcc.6b10676},
  volume    = {121},
  year      = {2017},
}

@article{Karaman_2011,
  author    = {Karaman, Rafik},
  doi       = {10.1016/j.comptc.2011.07.025},
  issn      = {2210-271X},
  journal   = {Computational and Theoretical Chemistry},
  month     = {Nov},
  number    = {1-3},
  pages     = {133-142},
  publisher = {Elsevier BV},
  title     = {Analyzing the efficiency in intramolecular amide hydrolysis of Kirby’s N-alkylmaleamic acids - A computational approach},
  url       = {http://dx.doi.org/10.1016/j.comptc.2011.07.025},
  volume    = {974},
  year      = {2011},
}

@article{Kelly_2006,
  author    = {Kelly, Casey P. and Cramer, Christopher J. and Truhlar, Donald G.},
  doi       = {10.1021/jp055336f},
  issn      = {1520-5215},
  journal   = {The Journal of Physical Chemistry A},
  month     = {Feb},
  number    = {7},
  pages     = {2493-2499},
  publisher = {American Chemical Society (ACS)},
  title     = {Adding Explicit Solvent Molecules to Continuum Solvent Calculations for the Calculation of Aqueous Acid Dissociation Constants},
  url       = {http://dx.doi.org/10.1021/jp055336f},
  volume    = {110},
  year      = {2006},
}

@article{Kenny_1989,
  author    = {Kenny, A.J. and O’Hare, M.J. and Gusterson, B.A.},
  doi       = {10.1016/s0140-6736(89)90841-6},
  issn      = {0140-6736},
  journal   = {The Lancet},
  month     = {Sep},
  number    = {8666},
  pages     = {785-787},
  publisher = {Elsevier BV},
  title     = {CELL-SURFACE PEPTIDASES AS MODULATORS OF GROWTH AND DIFFERENTIATION},
  url       = {http://dx.doi.org/10.1016/S0140-6736(89)90841-6},
  volume    = {334},
  year      = {1989},
}

@article{Kirby_1972,
  author    = {Kirby, A. J. and Lancaster, P. W.},
  doi       = {10.1039/p29720001206},
  issn      = {1364-5471},
  journal   = {Journal of the Chemical Society, Perkin Transactions 2},
  number    = {9},
  pages     = {1206},
  publisher = {Royal Society of Chemistry (RSC)},
  title     = {Structure and efficiency in intramolecular and enzymic catalysis. Catalysis of amide hydrolysis by the carboxy-group of substituted maleamic acids},
  url       = {http://dx.doi.org/10.1039/P29720001206},
  year      = {1972},
}

@article{Kirby_1980,
  author    = {Kirby, Anthony J.},
  doi       = {10.1016/s0065-3160(08)60129-x},
  isbn      = {9780120335176},
  issn      = {0065-3160},
  journal   = {Advances in Physical Organic Chemistry},
  pages     = {183-278},
  publisher = {Elsevier},
  title     = {Effective Molarities for Intramolecular Reactions},
  url       = {http://dx.doi.org/10.1016/S0065-3160(08)60129-X},
  year      = {1980},
}

@article{Kirby_1996,
  author    = {Kirby, Anthony J.},
  doi       = {10.1002/anie.199607061},
  issn      = {1521-3773},
  journal   = {Angewandte Chemie International Edition in English},
  month     = {Apr},
  number    = {7},
  pages     = {706-724},
  publisher = {Wiley-Blackwell},
  title     = {Enzyme Mechanisms, Models, and Mimics},
  url       = {http://dx.doi.org/10.1002/anie.199607061},
  volume    = {35},
  year      = {1996},
}

@article{Kohn_1965,
  author    = {Kohn, W. and Sham, L. J.},
  doi       = {10.1103/physrev.140.a1133},
  issn      = {0031-899X},
  journal   = {Physical Review},
  month     = {Nov},
  number    = {4A},
  pages     = {A1133-A1138},
  publisher = {American Physical Society (APS)},
  title     = {Self-Consistent Equations Including Exchange and Correlation Effects},
  url       = {http://dx.doi.org/10.1103/PhysRev.140.A1133},
  volume    = {140},
  year      = {1965},
}

@article{Koshland_1958,
  author    = {Koshland, DE},
  journal   = {Proceedings of the National Academy of Sciences},
  number    = {2},
  pages     = {98--104},
  publisher = {National Academy of Sciences},
  title     = {Application of a theory of enzyme specificity to protein synthesis},
  volume    = {44},
  year      = {1958},
}

@article{Kozuch_2011,
  author    = {Kozuch, Sebastian and Martin, Jan M. L.},
  doi       = {10.1002/cphc.201100137},
  issn      = {1439-4235},
  journal   = {ChemPhysChem},
  month     = {Apr},
  number    = {8},
  pages     = {1413-1418},
  publisher = {Wiley},
  title     = {The Rate-Determining Step is Dead. Long Live the Rate-Determining State!},
  url       = {http://dx.doi.org/10.1002/cphc.201100137},
  volume    = {12},
  year      = {2011},
}

@article{Krishnan_1978,
  author    = {Krishnan, R. and Pople, J. A.},
  doi       = {10.1002/qua.560140109},
  issn      = {1097-461X},
  journal   = {International Journal of Quantum Chemistry},
  month     = {Jul},
  number    = {1},
  pages     = {91-100},
  publisher = {Wiley-Blackwell},
  title     = {Approximate fourth-order perturbation theory of the electron correlation energy},
  url       = {http://dx.doi.org/10.1002/qua.560140109},
  volume    = {14},
  year      = {1978},
}

@article{Krishnan_1980a,
  author    = {Krishnan, R. and Binkley, J. S. and Seeger, R. and Pople, J. A.},
  doi       = {10.1063/1.438955},
  issn      = {1089-7690},
  journal   = {The Journal of Chemical Physics},
  month     = {Jan},
  number    = {1},
  pages     = {650-654},
  publisher = {AIP Publishing},
  title     = {Self‐consistent molecular orbital methods. XX. A basis set for correlated wave functions},
  url       = {http://dx.doi.org/10.1063/1.438955},
  volume    = {72},
  year      = {1980},
}

@article{Krishnan_1980b,
  author    = {Krishnan, R. and Frisch, M. J. and Pople, J. A.},
  doi       = {10.1063/1.439657},
  issn      = {1089-7690},
  journal   = {The Journal of Chemical Physics},
  month     = {Apr},
  number    = {7},
  pages     = {4244-4245},
  publisher = {AIP Publishing},
  title     = {Contribution of triple substitutions to the electron correlation energy in fourth order perturbation theory},
  url       = {http://dx.doi.org/10.1063/1.439657},
  volume    = {72},
  year      = {1980},
}

@article{Krishtalik_2000,
  author    = {Krishtalik, Lev I.},
  doi       = {10.1016/s0005-2728(00)00057-8},
  issn      = {0005-2728},
  journal   = {Biochimica et Biophysica Acta (BBA) - Bioenergetics},
  month     = {May},
  number    = {1},
  pages     = {6-27},
  publisher = {Elsevier BV},
  title     = {The mechanism of the proton transfer: an outline},
  url       = {http://dx.doi.org/10.1016/S0005-2728(00)00057-8},
  volume    = {1458},
  year      = {2000},
}

@article{Kruse_2012,
  author    = {Kruse, Holger and Goerigk, Lars and Grimme, Stefan},
  doi       = {10.1021/jo302156p},
  issn      = {1520-6904},
  journal   = {The Journal of Organic Chemistry},
  month     = {Nov},
  number    = {23},
  pages     = {10824-10834},
  publisher = {American Chemical Society (ACS)},
  title     = {Why the Standard \emph{B3LYP}/6-31G* Model Chemistry Should Not Be Used in DFT Calculations of Molecular Thermochemistry: Understanding and Correcting the Problem},
  url       = {http://dx.doi.org/10.1021/jo302156p},
  volume    = {77},
  year      = {2012},
}

@article{Kryachko_2014,
  author    = {Kryachko, Eugene S. and Ludeña, Eduardo V.},
  doi       = {10.1016/j.physrep.2014.06.002},
  issn      = {0370-1573},
  journal   = {Physics Reports},
  month     = {Nov},
  number    = {2},
  pages     = {123-239},
  publisher = {Elsevier BV},
  title     = {Density functional theory: Foundations reviewed},
  url       = {http://dx.doi.org/10.1016/j.physrep.2014.06.002},
  volume    = {544},
  year      = {2014},
}

@book{Lehninger_2012,
  author    = {David L. Nelson and Michael M. Cox},
  isbn      = {},
  publisher = {Freeman/Worth},
  title     = {Lehninger Principles of Biochemistry},
  year      = {2012},
}

@article{Levine_2012,
  author    = {Levine, Michael N. and Raines, Ronald T.},
  doi       = {10.1039/c2sc20536j},
  issn      = {2041-6539},
  journal   = {Chemical Science},
  number    = {8},
  pages     = {2412},
  publisher = {Royal Society of Chemistry (RSC)},
  title     = {Trimethyl lock: a trigger for molecular release in chemistry, biology, and pharmacology},
  url       = {http://dx.doi.org/10.1039/c2sc20536j},
  volume    = {3},
  year      = {2012},
}

@article{Li_2009,
  author    = {Li, Jian},
  doi       = {10.1007/s10870-009-9672-3},
  issn      = {1572-8854},
  journal   = {Journal of Chemical Crystallography},
  month     = {Dec},
  number    = {5},
  pages     = {428-431},
  publisher = {Springer Nature},
  title     = {Synthesis, Characterization and Antibacterial Activity of N-(N-Acetic Acid-yl-Phthalimide-5-yl) Maleamic Acid Dihydrate},
  url       = {http://dx.doi.org/10.1007/s10870-009-9672-3},
  volume    = {40},
  year      = {2009},
}

@article{Lightstone_1994,
  author    = {Lightstone, Felice C. and Bruice, Thomas C.},
  doi       = {10.1021/ja00102a056},
  issn      = {0002-7863},
  journal   = {Journal of the American Chemical Society},
  month     = {Nov},
  number    = {23},
  pages     = {10789-10790},
  publisher = {American Chemical Society (ACS)},
  title     = {Geminal Dialkyl Substitution, Intramolecular Reactions, and Enzyme Efficiency},
  url       = {http://dx.doi.org/10.1021/ja00102a056},
  volume    = {116},
  year      = {1994},
}

@article{Lipping_2011,
  author    = {Lipping, Lauri and Kütt, Agnes and Kaupmees, Karl and Koppel, Ivar and Burk, Peeter and Leito, Ivo and Koppel, Ilmar A.},
  doi       = {10.1021/jp204064q},
  issn      = {1520-5215},
  journal   = {The Journal of Physical Chemistry A},
  month     = {Sep},
  number    = {37},
  pages     = {10335-10344},
  publisher = {American Chemical Society (ACS)},
  title     = {Acidity of Anilines: Calculations vs Experiment},
  url       = {http://dx.doi.org/10.1021/jp204064q},
  volume    = {115},
  year      = {2011},
}

@mastersthesis{macedo2005,
  author        = {Fl{\'a}via L. Macedo},
  date-added    = {2012-04-23 11:35:13 +0000},
  date-modified = {2012-04-23 11:35:13 +0000},
  keywords      = {arquitetura da informa{\c c}{\~a}o},
  school        = {Universidade de Bras{\'\i}lia},
  title         = {Arquitetura da Informa{\c c}{\~a}o: aspectos espistemol{\'o}gicos, cient{\'\i}ficos e pr{\'a}ticos.},
  type          = {Disserta{\c c}{\~a}o de Mestrado},
  year          = {2005},
}

@article{Marenich_2009,
  author    = {Marenich, Aleksandr V. and Cramer, Christopher J. and Truhlar, Donald G.},
  doi       = {10.1021/jp810292n},
  issn      = {1520-5207},
  journal   = {The Journal of Physical Chemistry B},
  month     = {May},
  number    = {18},
  pages     = {6378-6396},
  publisher = {American Chemical Society (ACS)},
  title     = {Universal Solvation Model Based on Solute Electron Density and on a Continuum Model of the Solvent Defined by the Bulk Dielectric Constant and Atomic Surface Tensions},
  url       = {http://dx.doi.org/10.1021/jp810292n},
  volume    = {113},
  year      = {2009},
}

@article{Marenich_2012,
  author    = {Marenich, Aleksandr V. and Ding, Wendu and Cramer, Christopher J. and Truhlar, Donald G.},
  doi       = {10.1021/jz300416r},
  issn      = {1948-7185},
  journal   = {The Journal of Physical Chemistry Letters},
  month     = {May},
  number    = {11},
  pages     = {1437-1442},
  publisher = {American Chemical Society (ACS)},
  title     = {Resolution of a Challenge for Solvation Modeling: Calculation of Dicarboxylic Acid Dissociation Constants Using Mixed Discrete-Continuum Solvation Models},
  url       = {http://dx.doi.org/10.1021/jz300416r},
  volume    = {3},
  year      = {2012},
}

@inproceedings{masolo2010,
  author        = {Claudio Masolo},
  bdsk-url-1    = {http://wiki.loa-cnr.it/Papers/kr10v0.7.pdf},
  booktitle     = {Proceedings of the Twelfth International Conference on the Principles of Knowledge Representation and Reasoning (KR 2010)},
  date-added    = {2012-04-23 11:34:38 +0000},
  date-modified = {2012-04-23 11:34:38 +0000},
  editor        = {Lin, F. and Sattler, U.},
  pages         = {258-268},
  publisher     = {AAAI Press},
  title         = {Understanding Ontological Levels},
  url           = {http://wiki.loa-cnr.it/Papers/kr10v0.7.pdf},
  urlaccessdate = {2 jan. 2012},
  year          = {2010},
}

@article{Mauro_2005,
  author    = {Mauro, John C. and Loucks, Roger J. and Balakrishnan, Jitendra},
  doi       = {10.1021/jp053581t},
  issn      = {1520-5215},
  journal   = {The Journal of Physical Chemistry A},
  month     = {Oct},
  number    = {42},
  pages     = {9578-9583},
  publisher = {American Chemical Society (ACS)},
  title     = {A Simplified Eigenvector-Following Technique for Locating Transition Points in an Energy Landscape},
  url       = {http://dx.doi.org/10.1021/jp053581t},
  volume    = {109},
  year      = {2005},
}

@article{McGrath_1991,
  author    = {McGrath, Mark P. and Radom, Leo},
  doi       = {10.1063/1.460367},
  issn      = {1089-7690},
  journal   = {The Journal of Chemical Physics},
  month     = {Jan},
  number    = {1},
  pages     = {511-516},
  publisher = {AIP Publishing},
  title     = {Extension of Gaussian‐1 (G1) theory to bromine‐containing molecules},
  url       = {http://dx.doi.org/10.1063/1.460367},
  volume    = {94},
  year      = {1991},
}

@article{McLean_1980,
  author    = {McLean, A. D. and Chandler, G. S.},
  doi       = {10.1063/1.438980},
  issn      = {1089-7690},
  journal   = {The Journal of Chemical Physics},
  month     = {May},
  number    = {10},
  pages     = {5639-5648},
  publisher = {AIP Publishing},
  title     = {Contracted Gaussian basis sets for molecular calculations. I. Second row atoms, Z=11-18},
  url       = {http://dx.doi.org/10.1063/1.438980},
  volume    = {72},
  year      = {1980},
}

@article{Meid_2013,
  author    = {Meid, Judith and Lehmann, Swen and Richtering, Walter},
  doi       = {10.1007/978-3-319-01683-2_8},
  isbn      = {9783319016832},
  journal   = {Intelligent Hydrogels},
  pages     = {91-100},
  publisher = {Springer International Publishing},
  title     = {Temperature-Sensitive Composite Hydrogels: Coupling Between Gel Matrix and Embedded Nano- and Microgels},
  url       = {http://dx.doi.org/10.1007/978-3-319-01683-2_8},
  year      = {2013},
}

@manual{memoir,
  address       = {Normandy Park, WA},
  author        = {Peter Wilson and Lars Madsen},
  bdsk-url-1    = {http://ctan.tche.br/macros/latex/contrib/memoir/memman.pdf},
  date-added    = {2013-01-09 10:37:50 +0000},
  date-modified = {2013-03-21 13:23:25 +0000},
  organization  = {The Herries Press},
  title         = {The Memoir Class for Configurable Typesetting - User Guide},
  url           = {http://mirrors.ctan.org/macros/latex/contrib/memoir/memman.pdf},
  urlaccessdate = {19 dez. 2012},
  year          = {2010},
}

@article{Milstien_1970,
  author  = {Milstien, Sheldon and Cohen, Louis A.},
  eprint  = {http://www.pnas.org/content/67/3/1143.full.pdf},
  journal = {Proceedings of the National Academy of Sciences},
  number  = {3},
  pages   = {1143-1147},
  title   = {Rate Acceleration by Stereopopulation Control: Models for Enzyme Action},
  url     = {http://www.pnas.org/content/67/3/1143.abstract},
  volume  = {67},
  year    = {1970},
}

@article{Minenkov_2012,
  author    = {Minenkov, Yury and Singstad, Asmund and Occhipinti, Giovanni and Jensen, Vidar R.},
  doi       = {10.1039/c2dt12232d},
  issn      = {1477-9234},
  journal   = {Dalton Transactions},
  number    = {18},
  pages     = {5526},
  publisher = {Royal Society of Chemistry (RSC)},
  title     = {The accuracy of DFT-optimized geometries of functional transition metal compounds: a validation study of catalysts for olefin metathesis and other reactions in the homogeneous phase},
  url       = {http://dx.doi.org/10.1039/c2dt12232d},
  volume    = {41},
  year      = {2012},
}

@misc{MOPAC,
  author       = {Stewart,
                  James J. P.},
  howpublished = {\url{http://openmopac.net/}},
  note         = {Stewart Computational Chemistry, Colorado Springs, CO, USA. Accessed: 2018-04-19},
  title        = {{MOPAC2016}},
  year         = {2016},
}

@misc{NBO5.9,
  author               = {Glendening, E. D. and Reed, A. E. and Carpenter, J. E. and Weinhold, F.},
  citeulike-article-id = {9096601},
  journal              = {NBO Version 5.9},
  posted-at            = {2011-04-04 16:53:23},
  priority             = {2},
  title                = {NBO Version 5.9},
}

@manual{NBR10520:2002,
  address       = {Rio de Janeiro},
  date-added    = {2012-12-15 21:43:38 +0000},
  date-modified = {2013-01-12 22:17:20 +0000},
  month         = {ago.},
  org-short     = {ABNT},
  organization  = {Associa{\c c}\~ao Brasileira de Normas T\'ecnicas},
  pages         = 7,
  subtitle      = {Informa{\c c}\~ao e documenta{\c c}\~ao --- Apresenta{\c c}\~ao de cita{\c c}\~oes em documentos},
  title         = {{NBR} 10520},
  year          = 2002,
}

@manual{NBR14724:2001,
  address       = {Rio de Janeiro},
  date-added    = {2012-12-15 20:34:08 +0000},
  date-modified = {2012-12-15 20:34:08 +0000},
  month         = {jul.},
  org-short     = {ABNT},
  organization  = {Associa{\c c}\~ao Brasileira de Normas T\'ecnicas},
  pages         = 6,
  subtitle      = {Informa{\c c}\~ao e documenta{\c c}\~ao --- trabalhos acad\^emicos --- apresenta{\c c}\~ao},
  title         = {{NBR} 14724},
  year          = 2001,
}

@manual{NBR14724:2002,
  address       = {Rio de Janeiro},
  date-added    = {2012-12-15 20:34:17 +0000},
  date-modified = {2012-12-15 20:34:17 +0000},
  month         = {ago.},
  org-short     = {ABNT},
  organization  = {Associa{\c c}\~ao Brasileira de Normas T\'ecnicas},
  pages         = 6,
  subtitle      = {Informa{\c c}\~ao e documenta{\c c}\~ao --- trabalhos acad\^emicos --- apresenta{\c c}\~ao},
  title         = {{NBR} 14724},
  year          = 2002,
}

@manual{NBR14724:2005,
  address       = {Rio de Janeiro},
  date-added    = {2012-12-15 20:34:08 +0000},
  date-modified = {2012-12-15 20:35:25 +0000},
  month         = {dez.},
  org-short     = {ABNT},
  organization  = {Associa{\c c}\~ao Brasileira de Normas T\'ecnicas},
  pages         = 9,
  subtitle      = {Informa{\c c}\~ao e documenta{\c c}\~ao --- trabalhos acad\^emicos --- apresenta{\c c}\~ao},
  title         = {{NBR} 14724},
  year          = 2005,
}

@manual{NBR14724:2011,
  address       = {Rio de Janeiro},
  date-added    = {2012-12-15 20:34:08 +0000},
  date-modified = {2012-12-15 20:35:25 +0000},
  month         = {mar.},
  note          = {Substitui a Ref.~\citeonline{NBR14724:2005}},
  org-short     = {ABNT},
  organization  = {Associa{\c c}\~ao Brasileira de Normas T\'ecnicas},
  pages         = 15,
  subtitle      = {Informa{\c c}\~ao e documenta{\c c}\~ao --- trabalhos acad\^emicos --- apresenta{\c c}\~ao},
  title         = {{NBR} 14724},
  year          = 2011,
}

@manual{NBR6024:2012,
  address       = {Rio de Janeiro},
  date-added    = {2012-12-15 21:24:06 +0000},
  date-modified = {2012-12-15 21:24:28 +0000},
  month         = {fev.},
  org-short     = {ABNT},
  organization  = {Associa{\c c}\~ao Brasileira de Normas T\'ecnicas},
  pages         = 4,
  subtitle      = {Numera{\c c}\~ao progressiva das se{\c c}\~oes de um documento},
  title         = {{NBR} 6024},
  year          = 2012,
}

@manual{NBR6028:2003,
  address       = {Rio de Janeiro},
  date-added    = {2012-12-15 21:02:12 +0000},
  date-modified = {2012-12-15 21:02:50 +0000},
  month         = {nov.},
  org-short     = {ABNT},
  organization  = {Associa{\c c}\~ao Brasileira de Normas T\'ecnicas},
  pages         = 2,
  subtitle      = {Resumo - Apresenta{\c c}{\~a}o},
  title         = {{NBR} 6028},
  year          = 2003,
}

@article{Nilsson_1933,
  author    = {Nilsson, Harald and Smith, Lennart},
  doi       = {10.1515/zpch-1933-16615},
  issn      = {0942-9352},
  journal   = {Zeitschrift für Physikalische Chemie},
  month     = {Jan},
  number    = {1},
  publisher = {Walter de Gruyter GmbH},
  title     = {Die Bildungsweise der Chlorhydrine},
  url       = {http://dx.doi.org/10.1515/zpch-1933-16615},
  volume    = {166A},
  year      = {1933},
}

@misc{Nobel_1929,
  howpublished = {\url{http://www.nobelprize.org/nobel_prizes/chemistry/laureates/1929/}},
  note         = {Accessed: 2017-05-16},
  title        = {The Nobel Prize in Chemistry 1929},
}

@misc{Nobel_1946,
  howpublished = {\url{http://www.nobelprize.org/nobel_prizes/chemistry/laureates/1946/}},
  note         = {Accessed: 2017-05-16},
  title        = {The Nobel Prize in Chemistry 1946},
}

@misc{Nobel_1957,
  howpublished = {\url{http://www.nobelprize.org/nobel_prizes/chemistry/laureates/1957/}},
  note         = {Accessed: 2017-05-16},
  title        = {The Nobel Prize in Chemistry 1957},
}

@misc{Nobel_1975,
  howpublished = {\url{http://www.nobelprize.org/nobel_prizes/chemistry/laureates/1975/}},
  note         = {Accessed: 2017-05-16},
  title        = {The Nobel Prize in Chemistry 1975},
}

@misc{Nobel_1997,
  howpublished = {\url{http://www.nobelprize.org/nobel_prizes/chemistry/laureates/1997/}},
  note         = {Accessed: 2017-05-16},
  title        = {The Nobel Prize in Chemistry 1997},
}



@misc{Nobel_2013,
  howpublished = {\url{http://www.nobelprize.org/nobel_prizes/chemistry/laureates/2013/}},
  note         = {Accessed: 2017-05-16},
  title        = {The Nobel Prize in Chemistry 2013},
}

@misc{noticias-da-ufsc2020,
  howpublished = {\url{https://noticias.ufsc.br/2020/06/artigo-de-professores-da-ufsc-e-capa-da-revista-journal-of-the-americam-chemical-society/}},
  month        = {Jun.},
  note         = {Accessed: 2022-07-24},
  title        = {Notícias da UFSC: Artigo de professores da UFSC é capa da revista
                  \emph{Journal of the American Chemical Society}},
  year         = {2020},
}

@article{O_Boyle_2011,
  author    = {O’Boyle,
               Noel M and Banck,
               Michael and James,
               Craig A and Morley,
               Chris and Vandermeersch,
               Tim and Hutchison,
               Geoffrey R},
  doi       = {10.1186/1758-2946-3-33},
  issn      = {1758-2946},
  journal   = {Journal of Cheminformatics},
  number    = {1},
  pages     = {33},
  publisher = {Springer Nature},
  title     = {Open Babel: An open chemical toolbox},
  url       = {http://dx.doi.org/10.1186/1758-2946-3-33},
  volume    = {3},
  year      = {2011},
}

@article{Oestroem_2018,
  author    = {Østrøm, Ina and Ortolan, Alexandre O. and Schneider, Felipe S. S. and Caramori, Giovanni F. and Parreira, Renato L. T.},
  doi       = {10.1021/acs.joc.8b00461},
  issn      = {1520-6904},
  journal   = {The Journal of Organic Chemistry},
  month     = {Apr},
  number    = {9},
  pages     = {5114-5122},
  publisher = {American Chemical Society (ACS)},
  title     = {Quest for Insight into Ultrashort C-H···π Proximities in Molecular “Iron Maidens”},
  url       = {http://dx.doi.org/10.1021/acs.joc.8b00461},
  volume    = {83},
  year      = {2018},
}

@article{Oestroem2018,
  author    = {Østrøm, Ina and Ortolan, Alexandre O. and Schneider, Felipe S. S. and Caramori, Giovanni F. and Parreira, Renato L. T.},
  doi       = {10.1021/acs.joc.8b00461},
  issn      = {1520-6904},
  journal   = {The Journal of Organic Chemistry},
  month     = {Apr},
  number    = {9},
  pages     = {5114-5122},
  publisher = {American Chemical Society (ACS)},
  title     = {Quest for Insight into Ultrashort C-H$\cdots\pi$ Proximities in
               Molecular ``Iron Maidens''},
  url       = {http://dx.doi.org/10.1021/acs.joc.8b00461},
  volume    = {83},
  year      = {2018},
}

@article{Ogawa_1997,
  author    = {Ogawa, Jun and Soong, Chee-Leong and Honda, Michinari and Shlmizu, Sakayu},
  doi       = {10.1111/j.1432-1033.1997.0322a.x},
  issn      = {1432-1033},
  journal   = {European Journal of Biochemistry},
  month     = {Jan},
  number    = {1-2},
  pages     = {322-327},
  publisher = {Wiley-Blackwell},
  title     = {Imidase, a Dihydropyrimidinase-Like Enzyme Involved in the Metabolism of Cyclic Imides},
  url       = {http://dx.doi.org/10.1111/j.1432-1033.1997.0322a.x},
  volume    = {243},
  year      = {1997},
}

@article{Oliveira2020,
  author    = {Oliveira, Bruno L. and Stenton, Benjamin J. and Unnikrishnan, V. B. and de Almeida, Cátia Rebelo and Conde, João and Negrão, Magda and Schneider, Felipe S. S. and Cordeiro, Carlos and Ferreira, Miguel Godinho and Caramori, Giovanni F. and Domingos, Josiel B. and Fior, Rita and Bernardes, Gonçalo J. L.},
  doi       = {10.1021/jacs.0c01622},
  issn      = {1520-5126},
  journal   = {Journal of the American Chemical Society},
  month     = {May},
  number    = {24},
  pages     = {10869-10880},
  publisher = {American Chemical Society (ACS)},
  title     = {Platinum-Triggered Bond-Cleavage of Pentynoyl Amide and N-Propargyl Handles for Drug-Activation},
  url       = {http://dx.doi.org/10.1021/jacs.0c01622},
  volume    = {142},
  year      = {2020},
}

@article{Orenha2020,
  author    = {Orenha, Renato Pereira and da Silva, Vanessa Borges and Caramori, Giovanni Finoto and de Souza Schneider, Felipe Silveira and Piotrowski, Maurício Jeomar and Contreras-Garcia, Julia and Cardenas, Carlos and Briese Gonçalves, Marina and Mendizabal, Fernando and Parreira, Renato Luis Tame},
  doi       = {10.1039/d0nj03685d},
  issn      = {1369-9261},
  journal   = {New Journal of Chemistry},
  number    = {41},
  pages     = {17831-17839},
  publisher = {Royal Society of Chemistry (RSC)},
  title     = {On the recognition of chloride, bromide and nitrate anions by anthracene-squaramide conjugated compounds: a computational perspective},
  url       = {http://dx.doi.org/10.1039/D0NJ03685D},
  volume    = {44},
  year      = {2020},
}

@misc{overreact2021zenodo,
  author       = {Schneider, Felipe S. S.},
  doi          = {10.5281/ZENODO.5730603},
  howpublished = {\url{https://doi.org/10.5281/ZENODO.5730603}},
  month        = {Nov},
  note         = {Accessed: 2022-07-29},
  publisher    = {Zenodo},
  title        = {geem-lab/overreact: overreact v1.0.2},
  url          = {https://zenodo.org/record/5730603},
  year         = {2021},
}

@incollection{Parthasarathi_2006,
  author    = {R. Parthasarathi and V. Subramanian},
  booktitle = {Hydrogen Bonding—New Insights},
  doi       = {10.1007/978-1-4020-4853-1},
  isbn      = {9781402048524},
  publisher = {Springer Netherlands},
  title     = {Characterization of hydrogen bonding: from van der waals interactions to covalency},
  url       = {http://dx.doi.org/10.1007/978-1-4020-4853-1},
  year      = {2006},
}

@article{Peng_1993,
  author    = {Peng, Chunyang and Bernhard Schlegel, H.},
  doi       = {10.1002/ijch.199300051},
  issn      = {0021-2148},
  journal   = {Israel Journal of Chemistry},
  number    = {4},
  pages     = {449-454},
  publisher = {Wiley-Blackwell},
  title     = {Combining Synchronous Transit and Quasi-Newton Methods to Find Transition States},
  url       = {http://dx.doi.org/10.1002/ijch.199300051},
  volume    = {33},
  year      = {1993},
}

@article{Peng_1996,
  author    = {Peng, Chunyang and Ayala, Philippe Y. and Schlegel, H. Bernhard and Frisch, Michael J.},
  doi       = {10.1002/(sici)1096-987x(19960115)17:1<49::aid-jcc5>3.0.co;2-0},
  issn      = {1096-987X},
  journal   = {Journal of Computational Chemistry},
  month     = {Jan},
  number    = {1},
  pages     = {49-56},
  publisher = {Wiley-Blackwell},
  title     = {Using redundant internal coordinates to optimize equilibrium geometries and transition states},
  url       = {http://dx.doi.org/10.1002/(SICI)1096-987X(19960115)17:1<49::AID-JCC5>3.0.CO;2-0},
  volume    = {17},
  year      = {1996},
}

@article{Perdew_1996,
  author    = {Perdew, John P. and Burke, Kieron and Ernzerhof, Matthias},
  doi       = {10.1103/physrevlett.77.3865},
  issn      = {1079-7114},
  journal   = {Physical Review Letters},
  month     = {Oct},
  number    = {18},
  pages     = {3865-3868},
  publisher = {American Physical Society (APS)},
  title     = {Generalized Gradient Approximation Made Simple},
  url       = {http://dx.doi.org/10.1103/PhysRevLett.77.3865},
  volume    = {77},
  year      = {1996},
}

@article{Perdew_1997,
  author    = {Perdew, John P. and Burke, Kieron and Ernzerhof, Matthias},
  doi       = {10.1103/physrevlett.78.1396},
  issn      = {1079-7114},
  journal   = {Physical Review Letters},
  month     = {Feb},
  number    = {7},
  pages     = {1396-1396},
  publisher = {American Physical Society (APS)},
  title     = {Generalized Gradient Approximation Made Simple [Phys. Rev. Lett. 77, 3865 (1996)]},
  url       = {http://dx.doi.org/10.1103/PhysRevLett.78.1396},
  volume    = {78},
  year      = {1997},
}

@article{Perdew_2014,
  author    = {Perdew, John P. and Ruzsinszky, Adrienn and Sun, Jianwei and Burke, Kieron},
  doi       = {10.1063/1.4870763},
  issn      = {1089-7690},
  journal   = {The Journal of Chemical Physics},
  month     = {May},
  number    = {18},
  pages     = {18A533},
  publisher = {AIP Publishing},
  title     = {Gedanken densities and exact constraints in density functional theory},
  url       = {http://dx.doi.org/10.1063/1.4870763},
  volume    = {140},
  year      = {2014},
}

@article{Pliego_2001,
  author    = {Pliego, Josefredo R. and Riveros, José M.},
  doi       = {10.1021/jp004192w},
  issn      = {1520-5215},
  journal   = {The Journal of Physical Chemistry A},
  month     = {Aug},
  number    = {30},
  pages     = {7241-7247},
  publisher = {American Chemical Society (ACS)},
  title     = {The Cluster-Continuum Model for the Calculation of the Solvation Free Energy of Ionic Species},
  url       = {http://dx.doi.org/10.1021/jp004192w},
  volume    = {105},
  year      = {2001},
}

@article{Pliego_2002,
  author    = {Pliego, Josefredo R. and Riveros, José M.},
  doi       = {10.1021/jp025928n},
  issn      = {1520-5215},
  journal   = {The Journal of Physical Chemistry A},
  month     = {Aug},
  number    = {32},
  pages     = {7434-7439},
  publisher = {American Chemical Society (ACS)},
  title     = {Theoretical Calculation of \emph{pKa} Using the Cluster-Continuum Model},
  url       = {http://dx.doi.org/10.1021/jp025928n},
  volume    = {106},
  year      = {2002},
}

@article{Pliego_2003,
  author    = {Pliego, Josefredo R.},
  doi       = {10.1016/s0009-2614(02)01686-x},
  issn      = {0009-2614},
  journal   = {Chemical Physics Letters},
  month     = {Jan},
  number    = {1-2},
  pages     = {145-149},
  publisher = {Elsevier BV},
  title     = {Thermodynamic cycles and the calculation of \emph{pKa}},
  url       = {http://dx.doi.org/10.1016/S0009-2614(02)01686-X},
  volume    = {367},
  year      = {2003},
}

@misc{pnictogen2019zenodo,
  author       = {Schneider, Felipe S. S.},
  doi          = {10.5281/zenodo.3380593},
  howpublished = {\url{https://doi.org/10.5281/zenodo.3380593}},
  month        = {Aug},
  note         = {Accessed: 2022-07-29},
  publisher    = {Zenodo},
  title        = {schneiderfelipe/pnictogen: Lightweight generation of input files},
  url          = {https://zenodo.org/record/3380594},
  year         = {2019},
}

@misc{pyrrole2019zenodo,
  author       = {Schneider, Felipe S. S.},
  doi          = {10.5281/zenodo.3242195},
  howpublished = {\url{https://doi.org/10.5281/zenodo.3242195}},
  month        = {Jun},
  note         = {Accessed: 2022-07-29},
  publisher    = {Zenodo},
  title        = {schneiderfelipe/pyrrole: pyrrole 0.2.1},
  url          = {https://zenodo.org/record/3242196},
  year         = {2019},
}

@article{Raghavachari_1989,
  author    = {Raghavachari, Krishnan and Trucks, Gary W.},
  doi       = {10.1063/1.457230},
  issn      = {1089-7690},
  journal   = {The Journal of Chemical Physics},
  month     = {Jul},
  number    = {2},
  pages     = {1062-1065},
  publisher = {AIP Publishing},
  title     = {Highly correlated systems. Excitation energies of first row transition metals Sc-Cu},
  url       = {http://dx.doi.org/10.1063/1.457230},
  volume    = {91},
  year      = {1989},
}

@article{Rassolov_1998,
  author    = {Rassolov, Vitaly A. and Pople, John A. and Ratner, Mark A. and Windus, Theresa L.},
  doi       = {10.1063/1.476673},
  issn      = {1089-7690},
  journal   = {The Journal of Chemical Physics},
  month     = {Jul},
  number    = {4},
  pages     = {1223-1229},
  publisher = {AIP Publishing},
  title     = {6-31G* basis set for atoms K through Zn},
  url       = {http://dx.doi.org/10.1063/1.476673},
  volume    = {109},
  year      = {1998},
}

@article{Rassolov_2001,
  author    = {Rassolov, Vitaly A. and Ratner, Mark A. and Pople, John A. and Redfern, Paul C. and Curtiss, Larry A.},
  doi       = {10.1002/jcc.1058},
  issn      = {1096-987X},
  journal   = {Journal of Computational Chemistry},
  number    = {9},
  pages     = {976-984},
  publisher = {Wiley-Blackwell},
  title     = {6-31G* basis set for third-row atoms},
  url       = {http://dx.doi.org/10.1002/jcc.1058},
  volume    = {22},
  year      = {2001},
}

@article{Reed_1983,
  author    = {Reed, Alan E. and Weinhold, Frank},
  doi       = {10.1063/1.445134},
  issn      = {1089-7690},
  journal   = {The Journal of Chemical Physics},
  month     = {Mar},
  number    = {6},
  pages     = {4066-4073},
  publisher = {AIP Publishing},
  title     = {Natural bond orbital analysis of near‐Hartree-Fock water dimer},
  url       = {http://dx.doi.org/10.1063/1.445134},
  volume    = {78},
  year      = {1983},
}

@article{Reed_1985a,
  author    = {Reed, Alan E. and Weinstock, Robert B. and Weinhold, Frank},
  doi       = {10.1063/1.449486},
  issn      = {1089-7690},
  journal   = {The Journal of Chemical Physics},
  month     = {Jul},
  number    = {2},
  pages     = {735-746},
  publisher = {AIP Publishing},
  title     = {Natural population analysis},
  url       = {http://dx.doi.org/10.1063/1.449486},
  volume    = {83},
  year      = {1985},
}

@article{Reed_1985b,
  author    = {Reed, Alan E. and Weinhold, Frank},
  doi       = {10.1063/1.449360},
  issn      = {1089-7690},
  journal   = {The Journal of Chemical Physics},
  month     = {Aug},
  number    = {4},
  pages     = {1736-1740},
  publisher = {AIP Publishing},
  title     = {Natural localized molecular orbitals},
  url       = {http://dx.doi.org/10.1063/1.449360},
  volume    = {83},
  year      = {1985},
}

@article{Reed_1988,
  author    = {Reed, Alan E. and Curtiss, Larry A. and Weinhold, Frank},
  doi       = {10.1021/cr00088a005},
  issn      = {1520-6890},
  journal   = {Chemical Reviews},
  month     = {Sep},
  number    = {6},
  pages     = {899-926},
  publisher = {American Chemical Society (ACS)},
  title     = {Intermolecular interactions from a natural bond orbital, donor-acceptor viewpoint},
  url       = {http://dx.doi.org/10.1021/cr00088a005},
  volume    = {88},
  year      = {1988},
}

@article{Saeboe_1989,
  author    = {Sæbø, Svein and Almlöf, Jan},
  doi       = {10.1016/0009-2614(89)87442-1},
  issn      = {0009-2614},
  journal   = {Chemical Physics Letters},
  month     = {Jan},
  number    = {1},
  pages     = {83-89},
  publisher = {Elsevier BV},
  title     = {Avoiding the integral storage bottleneck in LCAO calculations of electron correlation},
  url       = {http://dx.doi.org/10.1016/0009-2614(89)87442-1},
  volume    = {154},
  year      = {1989},
}

@article{Salzner_2011,
  author    = {Salzner, Ulrike and Aydin, Aykut},
  doi       = {10.1021/ct2003447},
  issn      = {1549-9626},
  journal   = {Journal of Chemical Theory and Computation},
  month     = {Aug},
  number    = {8},
  pages     = {2568-2583},
  publisher = {American Chemical Society (ACS)},
  title     = {Improved Prediction of Properties of $\pi$-Conjugated Oligomers with Range-Separated Hybrid Density Functionals},
  url       = {http://dx.doi.org/10.1021/ct2003447},
  volume    = {7},
  year      = {2011},
}

@incollection{Schlegel_1987,
  author    = {Schlegel, H. Bernhard},
  booktitle = {Ab Initio Methods in Quantum Chemistry, Part 1 (Advances in Chemical Physics)},
  doi       = {10.1002/9780470142936.ch4},
  isbn      = {9780471909002},
  issn      = {1934-4791},
  journal   = {Advances in Chemical Physics},
  month     = {Mar},
  pages     = {249-286},
  publisher = {Wiley-Interscience},
  title     = {Optimization of Equilibrium Geometries and Transition Structures},
  url       = {http://dx.doi.org/10.1002/9780470142936.ch4},
  year      = {1987},
}

@article{Schneebeli_2011,
  author    = {Schneebeli, Severin T. and Bochevarov, Arteum D. and Friesner, Richard A.},
  doi       = {10.1021/ct100651f},
  issn      = {1549-9626},
  journal   = {Journal of Chemical Theory and Computation},
  month     = {Feb},
  number    = {3},
  pages     = {658-668},
  publisher = {American Chemical Society (ACS)},
  title     = {Parameterization of a \emph{B3LYP} Specific Correction for Noncovalent Interactions and Basis Set Superposition Error on a Gigantic Data Set of CCSD(T) Quality Noncovalent Interaction Energies},
  url       = {http://dx.doi.org/10.1021/ct100651f},
  volume    = {7},
  year      = {2011},
}

@article{Schneider2018a,
  author    = {Schneider, Felipe S. S. and Caramori, Giovanni Finoto and Parreira, Renato L. T. and Lippolis, Vito and Arca, Massimiliano and Ciancaleoni, Gianluca},
  doi       = {10.1002/ejic.201701337},
  issn      = {1099-0682},
  journal   = {European Journal of Inorganic Chemistry},
  month     = {Feb},
  number    = {8},
  pages     = {1007-1015},
  publisher = {Wiley},
  title     = {Bond Analysis in Dihalogen-Halide and Dihalogen-Dimethylchalcogenide Systems},
  url       = {http://dx.doi.org/10.1002/ejic.201701337},
  volume    = {2018},
  year      = {2018},
}

@article{Schneider2018b,
  author    = {Schneider, Felipe S. S. and Segala, Maximiliano and Caramori, Giovanni F. and da Silva, Eder Henrique and Parreira, Renato L. T. and Schrekker, Henri S. and van Leeuwen, Piet W. N. M.},
  doi       = {10.1021/acs.jpcc.8b06244},
  issn      = {1932-7455},
  journal   = {The Journal of Physical Chemistry C},
  month     = {Aug},
  number    = {37},
  pages     = {21449-21461},
  publisher = {American Chemical Society (ACS)},
  title     = {How Do Secondary Phosphine Oxides Interact with Silver Nanoclusters? Insights from Computation},
  url       = {http://dx.doi.org/10.1021/acs.jpcc.8b06244},
  volume    = {122},
  year      = {2018},
}

@article{Schneider2019,
  author    = {Schneider, Felipe S.S. and Setiadi, Jeffry and Felisberti, Maria Isabel and Vazquez, Pedro A.M. and da Conceição, Thiago Ferreira and Heinzelmann, Germano and Caramori, Giovanni Finoto},
  doi       = {10.1016/j.comptc.2018.11.008},
  issn      = {2210-271X},
  journal   = {Computational and Theoretical Chemistry},
  month     = {Jan},
  pages     = {13-19},
  publisher = {Elsevier BV},
  title     = {A theoretical investigation on the aminolysis of pyromellitic and 1,4,5,8-naphthalenetetracarboxylic dianhydrides},
  url       = {http://dx.doi.org/10.1016/j.comptc.2018.11.008},
  volume    = {1147},
  year      = {2019},
}

@article{Schneider2022,
  author    = {Schneider, Felipe S. S. and Caramori, Giovanni F.},
  doi       = {10.1002/jcc.26861},
  issn      = {1096-987X},
  journal   = {Journal of Computational Chemistry},
  month     = {Apr},
  publisher = {Wiley},
  title     = {Overreact, an in silico lab: Automative quantum chemical microkinetic simulations for complex chemical reactions},
  url       = {http://dx.doi.org/10.1002/jcc.26861},
  year      = {2022},
}

@article{Sengupta_2017,
  author    = {Sengupta, Arkajyoti and Raghavachari, Krishnan},
  doi       = {10.1021/acs.orglett.7b00891},
  issn      = {1523-7052},
  journal   = {Organic Letters},
  month     = {May},
  number    = {10},
  pages     = {2576-2579},
  publisher = {American Chemical Society (ACS)},
  title     = {Solving the Density Functional Conundrum: Elimination of Systematic Errors To Derive Accurate Reaction Enthalpies of Complex Organic Reactions},
  url       = {http://dx.doi.org/10.1021/acs.orglett.7b00891},
  volume    = {19},
  year      = {2017},
}

@article{Shokri_2012,
  author    = {Shokri, Alireza and Abedin, Azardokht and Fattahi, Alireza and Kass, Steven R.},
  doi       = {10.1021/ja3037349},
  issn      = {1520-5126},
  journal   = {Journal of the American Chemical Society},
  month     = {Jun},
  number    = {25},
  pages     = {10646-10650},
  publisher = {American Chemical Society (ACS)},
  title     = {Effect of Hydrogen Bonds on \emph{pKa} Values: Importance of Networking},
  url       = {http://dx.doi.org/10.1021/ja3037349},
  volume    = {134},
  year      = {2012},
}

@article{Souza_2017,
  author    = {Souza, Bruno S. and Mora, Jose R. and Wanderlind, Eduardo H. and Clementin, Rosilene M. and Gesser, Jose C. and Fiedler, Haidi D. and Nome, Faruk and Menger, Fredric M.},
  doi       = {10.1002/ange.201701306},
  issn      = {0044-8249},
  journal   = {Angewandte Chemie},
  month     = {Apr},
  number    = {19},
  pages     = {5429-5432},
  publisher = {Wiley},
  title     = {Transforming a Stable Amide into a Highly Reactive One: Capturing the Essence of Enzymatic Catalysis},
  url       = {http://dx.doi.org/10.1002/ange.201701306},
  volume    = {129},
  year      = {2017},
}

@article{Stewart_2012,
  author    = {Stewart,
               James J. P.},
  doi       = {10.1007/s00894-012-1667-x},
  issn      = {0948-5023},
  journal   = {Journal of Molecular Modeling},
  month     = {Nov},
  number    = {1},
  pages     = {1-32},
  publisher = {Springer Nature},
  title     = {Optimization of parameters for semiempirical methods VI: more modifications to the NDDO approximations and re-optimization of parameters},
  url       = {http://dx.doi.org/10.1007/s00894-012-1667-x},
  volume    = {19},
  year      = {2012},
}

@article{Su_2017,
  author    = {Su, Shan and Du, Fu-Sheng and Li, Zi-Chen},
  doi       = {10.1039/c7ob02188g},
  issn      = {1477-0539},
  journal   = {Org. Biomol. Chem.},
  number    = {39},
  pages     = {8384-8392},
  publisher = {Royal Society of Chemistry (RSC)},
  title     = {Synthesis and pH-dependent hydrolysis profiles of mono- and dialkyl substituted maleamic acids},
  url       = {http://dx.doi.org/10.1039/c7ob02188g},
  volume    = {15},
  year      = {2017},
}

@article{Sumon_2012,
  author    = {Sumon, Kazi Z. and Henni, Amr and East, Allan L. L.},
  doi       = {10.1021/ie301033p},
  issn      = {1520-5045},
  journal   = {Industrial \& Engineering Chemistry Research},
  month     = {Sep},
  number    = {37},
  pages     = {11924-11930},
  publisher = {American Chemical Society (ACS)},
  title     = {Predicting \emph{pKa} of Amines for \ce{CO2} Capture: Computer versus Pencil-and-Paper},
  url       = {http://dx.doi.org/10.1021/ie301033p},
  volume    = {51},
  year      = {2012},
}

@book{Szabo_1996,
  author    = {Attila Szabo and Neil S. Ostlund},
  isbn      = {0486691861},
  publisher = {Dover Publications},
  title     = {Modern Quantum Chemistry: Introduction to Advanced Electronic Structure Theory (Dover Books on Chemistry)},
  year      = {1996},
}

@manual{talbot2012,
  author        = {Nicola L.C. Talbot},
  bdsk-url-1    = {http://mirrors.ctan.org/macros/latex/contrib/glossaries/glossaries-user.pdf},
  date-added    = {2013-03-11 12:06:04 +0000},
  date-modified = {2013-03-11 12:06:56 +0000},
  month         = {Nov.},
  title         = {User Manual for glossaries.sty},
  url           = {http://mirrors.ctan.org/macros/latex/contrib/glossaries/glossaries-user.pdf},
  urlaccessdate = {11 mar. 2013},
  year          = {2012},
}

@article{Tang_2012,
  author    = {Tang, Hongzhi and Yao, Yuxiang and Wang, Lijuan and Yu, Hao and Ren, Yiling and Wu, Geng and Xu, Ping},
  doi       = {10.1038/srep00377},
  issn      = {2045-2322},
  journal   = {Scientific Reports},
  month     = {Apr},
  number    = {1},
  publisher = {Springer Nature},
  title     = {Genomic analysis of Pseudomonas putida: genes in a genome island are crucial for nicotine degradation},
  url       = {http://dx.doi.org/10.1038/srep00377},
  volume    = {2},
  year      = {2012},
}

@article{Tissandier_1998,
  author    = {Tissandier, Michael D. and Cowen, Kenneth A. and Feng, Wan Yong and Gundlach, Ellen and Cohen, Michael H. and Earhart, Alan D. and Coe, James V. and Tuttle, Thomas R.},
  doi       = {10.1021/jp982638r},
  issn      = {1520-5215},
  journal   = {The Journal of Physical Chemistry A},
  month     = {Oct},
  number    = {40},
  pages     = {7787-7794},
  publisher = {American Chemical Society (ACS)},
  title     = {The Proton’s Absolute Aqueous Enthalpy and Gibbs Free Energy of Solvation from Cluster-Ion Solvation Data},
  url       = {http://dx.doi.org/10.1021/jp982638r},
  volume    = {102},
  year      = {1998},
}

@article{TransitionStateTheory,
  doi       = {10.1351/goldbook.t06470},
  isbn      = {0-9678550-9-8},
  journal   = {IUPAC Compendium of Chemical Terminology},
  note      = {Accessed: 2017-05-27},
  publisher = {IUPAC},
  title     = {Transition state theory
               },
  url       = {http://dx.doi.org/10.1351/goldbook.T06470},
}

@article{Trummal_2009,
  author    = {Trummal, Aleksander and Rummel, Alar and Lippmaa, Endel and Burk, Peeter and Koppel, Ilmar A.},
  doi       = {10.1021/jp900750u},
  issn      = {1520-5215},
  journal   = {The Journal of Physical Chemistry A},
  month     = {May},
  number    = {21},
  pages     = {6206-6212},
  publisher = {American Chemical Society (ACS)},
  title     = {IEF-PCM Calculations of Absolute \emph{pKa} for Substituted Phenols in Dimethyl Sulfoxide and Acetonitrile Solutions},
  url       = {http://dx.doi.org/10.1021/jp900750u},
  volume    = {113},
  year      = {2009},
}

@article{van86,
  author  = {{van}, Gigch, John P. and Leo L. Pipino},
  journal = {Future Computing Systems},
  number  = {1},
  pages   = {71-97},
  title   = {In search for a paradigm for the discipline of information systems},
  volume  = {1},
  year    = {1986},
}

@article{Wachters_1970,
  author    = {Wachters, A. J. H.},
  doi       = {10.1063/1.1673095},
  issn      = {1089-7690},
  journal   = {The Journal of Chemical Physics},
  month     = {Feb},
  number    = {3},
  pages     = {1033-1036},
  publisher = {AIP Publishing},
  title     = {Gaussian Basis Set for Molecular Wavefunctions Containing Third‐Row Atoms},
  url       = {http://dx.doi.org/10.1063/1.1673095},
  volume    = {52},
  year      = {1970},
}

@article{Weinhold_1988,
  author    = {Weinhold,
               Frank and Carpenter,
               John E.},
  doi       = {10.1007/978-1-4684-7424-4_24},
  isbn      = {9781468474244},
  journal   = {The Structure of Small Molecules and Ions},
  pages     = {227-236},
  publisher = {Springer US},
  title     = {The Natural Bond Orbital Lewis Structure Concept for Molecules, Radicals, and Radical Ions},
  url       = {http://dx.doi.org/10.1007/978-1-4684-7424-4_24},
  year      = {1988},
}

@book{Weinhold_2012,
  author    = {Frank Weinhold},
  isbn      = {1118119967},
  publisher = {Wiley},
  title     = {Discovering Chemistry With Natural Bond Orbitals},
  year      = {2012},
}

@article{Wheeler_2009,
  author    = {Wheeler, Steven E. and Houk, Kendall N. and Schleyer, Paul v. R. and Allen, Wesley D.},
  doi       = {10.1021/ja805843n},
  issn      = {1520-5126},
  journal   = {Journal of the American Chemical Society},
  month     = {Feb},
  number    = {7},
  pages     = {2547-2560},
  publisher = {American Chemical Society (ACS)},
  title     = {A Hierarchy of Homodesmotic Reactions for Thermochemistry},
  url       = {http://dx.doi.org/10.1021/ja805843n},
  volume    = {131},
  year      = {2009},
}

@article{Wu_2015,
  author    = {Wu, Yuanyuan and Papper, Vladislav and Pokholenko, Oleksandr and Kharlanov, Vladimir and Zhou, Yubin and Steele, Terry W. J. and Marks, Robert S.},
  doi       = {10.1007/s10895-015-1577-2},
  issn      = {1573-4994},
  journal   = {Journal of Fluorescence},
  month     = {May},
  number    = {4},
  pages     = {961-972},
  publisher = {Springer Nature},
  title     = {New Photochrome Probe Allows Simultaneous pH and Microviscosity Sensing},
  url       = {http://dx.doi.org/10.1007/s10895-015-1577-2},
  volume    = {25},
  year      = {2015},
}

@article{Xue_2014,
  author    = {Xue, Xiao-Song and Yang, Chen and Li, Xin and Cheng, Jin-Pei},
  doi       = {10.1021/jo402605n},
  issn      = {1520-6904},
  journal   = {The Journal of Organic Chemistry},
  month     = {Jan},
  number    = {3},
  pages     = {1166-1173},
  publisher = {American Chemical Society (ACS)},
  title     = {Computational Study on the \emph{pKa} Shifts in Proline Induced by Hydrogen-Bond-Donating Cocatalysts},
  url       = {http://dx.doi.org/10.1021/jo402605n},
  volume    = {79},
  year      = {2014},
}

@article{Yang_2013,
  author    = {Yang, Chen and Xue, Xiao-Song and Jin, Jia-Lu and Li, Xin and Cheng, Jin-Pei},
  doi       = {10.1021/jo400915f},
  issn      = {1520-6904},
  journal   = {The Journal of Organic Chemistry},
  month     = {Jul},
  number    = {14},
  pages     = {7076-7085},
  publisher = {American Chemical Society (ACS)},
  title     = {Theoretical Study on the Acidities of Chiral Phosphoric Acids in Dimethyl Sulfoxide: Hints for Organocatalysis},
  url       = {http://dx.doi.org/10.1021/jo400915f},
  volume    = {78},
  year      = {2013},
}

@article{Yu_2016,
  author    = {Yu, Haoyu S. and Li, Shaohong L. and Truhlar, Donald G.},
  doi       = {10.1063/1.4963168},
  issn      = {1089-7690},
  journal   = {The Journal of Chemical Physics},
  month     = {Oct},
  number    = {13},
  pages     = {130901},
  publisher = {AIP Publishing},
  title     = {Perspective: Kohn-Sham density functional theory descending a staircase},
  url       = {http://dx.doi.org/10.1063/1.4963168},
  volume    = {145},
  year      = {2016},
}

@article{Zhao_2008,
  author    = {Zhao, Yan and Truhlar, Donald G.},
  doi       = {10.1021/ar700111a},
  issn      = {1520-4898},
  journal   = {Accounts of Chemical Research},
  month     = {Feb},
  number    = {2},
  pages     = {157-167},
  publisher = {American Chemical Society (ACS)},
  title     = {Density Functionals with Broad Applicability in Chemistry},
  url       = {http://dx.doi.org/10.1021/ar700111a},
  volume    = {41},
  year      = {2008},
}

@article{Bim2018,
  title={Beyond the classical thermodynamic contributions to hydrogen atom abstraction reactivity},
  volume={115},
  ISSN={1091-6490},
  url={http://dx.doi.org/10.1073/pnas.1806399115},
  DOI={10.1073/pnas.1806399115},
  number={44},
  journal={Proceedings of the National Academy of Sciences},
  publisher={Proceedings of the National Academy of Sciences},
  author={Bím, Daniel and Maldonado-Domínguez, Mauricio and Rulíšek, Lubomír and Srnec, Martin},
  year={2018},
  month={Sep} }

@article{Cao2022,
  title={Reinforcement learning supercharges redox flow batteries},
  ISSN={2522-5839},
  url={http://dx.doi.org/10.1038/S42256-022-00523-2},
  DOI={10.1038/s42256-022-00523-2},
  journal={Nature Machine Intelligence},
  publisher={Springer Science and Business Media LLC},
  author={Cao, Yang and Ser, Cher Tian and Skreta, Marta and Jorner, Kjell and Kusanda, Nathanael and Aspuru-Guzik, Alán},
  year={2022},
  month={Aug} }
